3198 4980
584 412 600 418 ψ
665 319 708 382 29

720 410 789 417 -υ-η

78 523 180 589 domo
204 523 404 588 abscondita
425 521 531 588 fuisse
553 523 645 588 dicit.
695 523 849 608 Namque
870 523 945 591 fieri
965 522 1094 610 potuit,
1116 526 1155 588 ut
1173 521 1290 588 Cicero

79 625 117 689 in
143 623 341 688 Catilinaria
373 624 427 689 ΙΠ
457 627 488 706 (ξ
509 624 539 688 8.
563 624 633 710 10),
661 623 723 688 ubi
750 645 792 687 ex
819 623 911 688 illius
940 623 1080 689 aedibus
1108 623 1292 689 maximum
1332 634 1334 637 ’

79 728 227 791 sicarum
247 747 426 791 numerum
447 729 482 790 et
502 725 694 812 gladiorum
716 725 842 790 elatum
864 747 937 790 esse
957 730 1089 808 narrat,
1115 725 1152 790 id
1173 724 1291 806 solum,

78 827 171 912 quod
192 827 433 914 gravissimum
454 827 650 910 videbatur,
673 827 875 918 attingeret,
904 827 971 894 nisi
992 825 1096 909 forte,
1119 847 1186 912 quo
1207 831 1292 892 16111-

76 951 161 1016 pore
176 929 264 994 hanc
279 929 467 994 orationem
487 927 623 1010 habuit,
644 927 798 992 nondum
820 935 976 994 accurate
994 933 1137 1018 noverat
1157 932 1291 1014 praeter

77 1030 286 1096 ferramenta
308 1029 374 1094 alia
396 1050 531 1115 quoque
553 1029 694 1094 inventa
722 1050 796 1093 esse
825 1029 915 1115 apud
937 1028 1136 1114 Cethegum.
1179 1029 1221 1094 In
1249 1049 1289 1093 eo

79 1131 228 1221 denique
250 1131 340 1196 inter
362 1153 397 1195 66
419 1131 653 1214 consentiunt,
678 1130 769 1214 quod
789 1130 913 1196 initum
935 1153 1008 1196 6666
1024 1131 1203 1196 eonsilium
1224 1135 1292 1196 tra-

82 1233 187 1314 dunt,
219 1237 257 1297 ut
286 1231 366 1296 urbs
397 1233 497 1302 simul
527 1254 569 1296 ex
606 1231 762 1298 omnibus
798 1232 969 1319 partibus,
1012 1231 1293 1318 quemadmodum

81 1333 288 1420 descriptum
310 1333 598 1418 distributumque
620 1339 709 1416 erat,
740 1334 980 1400 incenderetur
1008 1334 1080 1419 (cu.
1103 1335 1175 1398 Cat.
1197 1333 1227 1416 3,
1249 1334 1292 1416 8),

82 1437 319 1520 praeterquam
348 1433 440 1518 quod
466 1432 670 1498 Plutarchus
693 1439 849 1500 accurate
878 1436 1003 1502 61116611
1032 1441 1168 1502 centum
1189 1435 1294 1500 fuisse

83 1534 189 1616 viros,
219 1533 342 1618 quibus
371 1535 435 1600 1166
465 1533 662 1600 mandatum
692 1541 787 1600 essst.
830 1537 995 1602 Homines
1024 1543 1138 1602 autem
1167 1536 1292 1602 electos

83 1657 171 1718 esse,
202 1635 261 1720 qui
290 1656 397 1720 aquae
426 1635 548 1700 ductus
577 1636 775 1702 obturarent
800 1642 836 1702 et
856 1658 979 1722 aquam
1007 1639 1051 1705 ad
1078 1639 1292 1724 1661166661-

80 1736 163 1801 dum
192 1741 347 1821 petentes
375 1741 553 1820 necarent,
584 1737 701 1802 Cicero
729 1737 830 1825 plane
863 1740 985 1805 omisit.
1040 1741 1124 1824 Sed,
1158 1741 1187 1806 61
1213 1740 1294 1806 Ρ111-

79 1839 240 1904 tarchum
259 1838 302 1902 ad
323 1838 405 1904 haec
428 1839 616 1904 enarranda
636 1839 740 1905 alium
754 1841 864 1906 adisse
879 1847 1051 1908 auctorem
1067 1841 1294 1924 concluderes

79 1939 185 2004 valde
208 1959 346 2006 errares.
391 1940 473 2018 Quis
496 1940 587 2006 6111111
608 1947 676 2022 661,
699 1941 759 2024 qui
775 1941 973 2007 Ciceronem
994 1943 1031 2007 in
1052 1943 1111 2007 illa
1133 1943 1295 2025 oratione,

83 2062 188 2125 quam
223 2035 344 2105 habuit
387 2041 589 2128 simulatque
629 2043 897 2110 coniurationem
935 2043 1091 2110 omnibus
1125 2042 1296 2130 patefecit,

84 2142 124 2206 id
147 2142 237 2227 quod
267 2162 288 2207 a
316 2141 389 2207 deis
410 2143 657 2210 immortalibus
679 2165 811 2232 semper
833 2144 989 2232 optabat,
1020 2145 1133 2210 omnia
1161 2165 1297 2210 accura-

83 2243 216 2309 tissime
244 2249 278 2308 61
305 2243 525 2310 subtilissime
555 2265 736 2311 exornasse
765 2246 958 2312 existimet?
1007 2247 1131 2312 Nonne
1160 2245 1297 2311 credere

82 2365 146 2408 nos
170 2347 306 2429 oportet
327 2343 477 2410 animum
505 2345 578 2410 eius
606 2351 809 2412 commotum
832 2351 866 2412 61
887 2368 1086 2433 percussum
1106 2346 1298 2412 1616661166

80 2467 117 2510 re
148 2442 261 2509 subito
297 2449 432 2530 praeter
461 2447 658 2533 opinionem
687 2447 800 2513 facta?
864 2449 905 2513 In
939 2449 1181 2514 commentario
1214 2470 1295 2516 vero

83 2546 170 2610 haee
185 2543 446 2632 dfligentissime
462 2548 742 2634 ornatissimeque
758 2549 800 2614 ab
817 2571 856 2614 eo
872 2549 1044 2638 descripta
1058 2571 1132 2614 6666
1147 2556 1295 2639 apparet.
1406 2604 1408 2608 .

85 2645 198 2722 Quid?
226 2645 319 2731 quod
338 2647 411 2735 ipse
432 2648 521 2714 hanc
543 2672 615 2732 rem
636 2652 733 2717 velut
748 2652 904 2717 omnibus
920 2649 1107 2738 depingere
1129 2650 1298 2718 coloribus

85 2768 122 2810 66
143 2747 249 2814 661616
270 2748 455 2836 profitetur
477 2749 548 2833 (cfr.
571 2751 616 2816 ad
637 2752 708 2816 Att.
724 2753 751 2835 Ι,
775 2752 824 2835 14,
847 2754 895 2836 3);
921 2757 1041 2835 ,totum
1062 2749 1155 2816 hunc
1176 2751 1297 2835 locum,

86 2870 188 2932 quem
210 2872 273 2935 ego
297 2851 390 2916 varie
404 2852 489 2916 meis
505 2851 715 2919 orationibus
737 2893 779 2900 -
801 2854 892 2920 soleo
913 2852 1065 2940 pingere,
1088 2852 1131 2916 de
1152 2852 1298 2937 flamma,
1410 2913 1412 2916 .

84 2948 128 3014 de
150 2949 241 3016 ferro
256 2991 297 2998 -
311 2952 403 3017 nosti
424 2951 499 3016 illas
523 2954 694 3036 ληκύθους
715 2993 755 3001 -
777 2953 877 3020 valde
899 2954 1052 3040 graviter
1072 2954 1263 3042 pertexuit‘.

165 3067 299 3134 Deinde
322 3067 518 3156 exponitur,
552 3069 721 3156 quomodo
752 3071 880 3137 factum
902 3071 963 3154 sit,
998 3076 1037 3136 ut
1058 3075 1131 3136 tota
1152 3093 1206 3135 166
1227 3092 1297 3135 ma-

81 3167 210 3234 nifesto
241 3170 568 3258 deprehenderetur;
608 3170 668 3236 ubi
698 3176 834 3238 tantum
865 3171 1060 3237 invenimus
1097 3192 1300 3236 consensum

82 3292 161 3334 oum
182 3291 296 3334 rerum
311 3269 524 3355 traditarum,
546 3276 620 3337 tum
634 3271 786 3359 ipsorum
802 3271 1001 3356 verborum,
1023 3278 1063 3336 ut
1077 3271 1301 3338 Plutarchum

82 3371 185 3435 etiam
214 3371 252 3436 in
281 3371 335 3437 hir
365 3373 574 3460 exponendis
608 3381 719 3440 totum
747 3374 920 3440 Ciceronis
951 3373 1108 3460 vestigiis
1140 3374 1298 3441 insistere

86 3471 319 3539 existimemus
341 3493 480 3540 necesse
501 3473 560 3540 sit:

176 3625 264 3692 Plut.
289 3649 316 3696 c.
339 3627 472 3697 XVIII.
493 3627 595 3694 XIX.
831 3627 900 3693 Cic.
924 3628 995 3694 Oat.
1018 3628 1048 3713 3,
1069 3628 1090 3692 4
1112 3650 1183 3715 sqq.
1262 3691 1269 3704 ,

127 3757 376 3844 Πραττομένων
398 3760 431 3826 δὲ
454 3756 582 3828 τούτων
604 3763 670 3825 tro·
778 3758 900 3842 Itaque
926 3762 966 3821 ut
993 3757 1144 3845 comperi
1170 3759 1302 3846 legatos

77 3873 145 3942 χον
178 3859 412 3944 ἐπιδημοῦντες
452 3860 672 3947 Ἀλλοβρίγων
715 3858 942 3944 Allobrogum
964 3858 1175 3944 (6161111616
1194 3862 1303 3926 male

80 3956 141 4025 δύο
168 3962 335 4046 πρέσβεις,
369 3965 495 4039 ἔθνους
524 3957 672 4045 μάλιστα
714 3964 851 4046 pacata,
880 3980 966 4044 quae
987 3981 1073 4045 gens
1095 3983 1164 4026 una
1184 3968 1301 4045 restat,

81 4056 120 4140 δὴ
165 4056 243 4126 τότε
286 4058 415 4149 πονηρὰ
465 4059 672 4150 πράττοντος
716 4080 803 4144 quae
823 4059 950 4147 populo
978 4059 1105 4126 bellum
1134 4061 1245 4129 facere
1267 4069 1302 4129 61

84 4163 138 4226 καὶ
160 4162 392 4250 βαρυνομένου
406 4159 469 4245 τὴν
483 4162 671 4248 ἡγεμονίαν.
715 4181 785 4225 nou
811 4160 902 4226 nolle
924 4161 1081 4228 rideatur
1113 4161 1173 4231 cfr.
1195 4164 1225 4248 3,
1247 4165 1302 4251 22)

87 4257 235 4337 Τούτους
262 4267 293 4328 οἱ
315 4266 388 4350 περὶ
409 4266 564 4331 Λέντλον
592 4262 672 4349 due·
715 4261 798 4326 belli
827 4262 1044 4350 Transalpini
1073 4269 1108 4329 et
1135 4266 1303 4332 tumultus

83 4363 202 4445 λίμονς
222 4359 401 4447 ἡγούμενοι
422 4357 505 4453 πρὸς
529 4359 568 4431 τὸ
587 4369 672 4446 κυνῆ·
717 4363 842 4430 Gallici
853 4362 1005 4429 exitandi
1017 4385 1119 4430 causa
1133 4367 1202 4433 aP.
1215 4366 1304 4432 Len·
1390 4405 1392 4410 .

86 4486 140 4530 σαι
169 4467 226 4530 καὶ
252 4465 454 4549 μεταβαλεῖν
482 4460 544 4547 τὴν
565 4468 599 4534 Γ
596 4469 672 4533 αλα-
716 4464 790 4532 tulo
823 4486 896 4530 esse
927 4464 1145 4550 sollicitatos,
1180 4489 1304 4556 eosque
