3198 4980
890 301 935 366 40

305 504 392 571 Nam
422 505 556 589 Cicero,
586 504 645 591 qui
666 501 723 570 vel
750 503 788 568 in
814 503 875 569 illa
904 503 1058 572 oratione
1087 525 1123 570 se
1152 506 1267 572 neutri
1293 506 1386 594 parti
1407 503 1528 571 favere

307 608 455 696 speciem
476 629 557 696 prae
580 629 616 672 se
637 606 714 690 fert,
741 605 779 670 in
808 607 1049 672 commentario
1072 607 1180 672 multo
1202 608 1312 693 magis
1335 608 1529 674 orationem

308 731 405 776 suam
435 709 629 777 cautissime
650 708 895 794 interpretatus
926 729 1000 774 1111
1030 708 1276 775 existimandus
1306 715 1357 774 est
1385 715 1531 797 propter

310 810 476 876 invidiam
499 809 782 878 condemnatione
798 811 1052 877 coniuratorum
1072 817 1192 898 postea
1215 811 1405 896 conflatam,
1429 833 1529 899 prae-

309 913 426 979 sertim
448 935 525 980 cum
553 913 589 978 id
617 912 763 979 maxime
793 935 870 980 eum
892 916 1002 1001 egisse
1025 916 1181 998 11111111,
1204 919 1244 979 11
1265 913 1330 978 hoo
1352 913 1487 979 crimen
1512 936 1529 978 a

310 1035 347 1078 11
370 1036 472 1100 quam
493 1014 693 1100 longissime
715 1014 912 1080 amoliretur
935 1017 1027 1081 etin
1049 1022 1205 1083 senatum
1226 1014 1439 1080 transferret.
1479 1015 1529 1080 Ne

309 1115 431 1182 multa:
454 1139 496 1182 ex
511 1137 560 1200 ea,
583 1137 650 1202 qua
664 1116 798 1182 ratione
813 1117 856 1182 de
872 1119 1045 1185 Ciceronis
1062 1118 1262 1185 Catilinaria
1283 1121 1405 1201 quarta
1420 1117 1528 1182 verba

310 1216 401 1301 fecit,
425 1218 648 1284 Plutarchum
669 1218 773 1284 huius
789 1222 1030 1286 commentario
1053 1243 1153 1287 usum
1175 1241 1248 1286 esse
1264 1225 1413 1307 apparet.
1462 1219 1527 1284 Ne·

310 1340 376 1404 que
399 1318 530 1403 dubit0,
553 1319 636 1405 quin
665 1320 821 1408 proxima
848 1341 985 1407 quoque
1007 1321 1049 1387 de
1072 1321 1178 1387 silani
1202 1321 1372 1386 sententia
1394 1325 1528 1384 mutata

310 1443 352 1486 ex
376 1420 494 1486 eodem
522 1419 618 1486 fonte
646 1421 770 1488 hausta
797 1423 883 1507 sint,
913 1445 999 1510 quae
1027 1424 1183 1510 quamvis
1213 1422 1304 1510 apud
1327 1421 1528 1487 Ciceronem

309 1544 379 1588 non
406 1522 566 1608 legantur
596 1528 630 1588 et
658 1523 701 1589 ab
731 1525 807 1590 aliis
837 1525 1061 1613 scriptoribus
1090 1547 1158 1591 uno
1189 1523 1353 1591 Suetonio
1384 1531 1527 1611 excepto

310 1625 486 1709 recedant,
516 1625 600 1690 adeo
629 1625 718 1690 nihil
747 1626 944 1693 offensionis
973 1628 1115 1710 habent,
1146 1633 1185 1692 ut
1207 1627 1446 1709 Drumannus,
1476 1626 1529 1690 vir

311 1726 537 1810 doctissimus,
559 1726 643 1792 haec
666 1748 686 1792 a
707 1726 891 1792 Plutarcho
919 1727 1119 1814 diligentius
1142 1727 1403 1811 accuratiusque
1426 1748 1527 1811 quam

311 1828 354 1894 ab
378 1828 444 1895 alio
466 1849 637 1914 quoquam
665 1829 790 1917 exponi
812 1828 959 1895 affirmet
981 1830 1054 1914 (cfr.
1076 1831 1098 1896 1.
1122 1851 1149 1894 c.
1172 1829 1236 1912 III,
1261 1829 1331 1910 173,
1354 1828 1419 1912 62).
1465 1829 1527 1891 At-

314 1950 381 2013 que
402 1928 572 2012 Catulum,
595 1949 662 2015 quo
684 1951 784 1994 nemo
807 1930 944 1996 Caesari
965 1931 1074 2018 magis
1097 1930 1251 1997 infensus
1274 1935 1356 2014 erat,
1378 1929 1527 2016 primum

313 2030 464 2096 omnium
485 2029 578 2095 illius
607 2031 797 2097 sententiae
825 2031 954 2098 frustra
982 2055 1018 2098 se
1048 2034 1212 2099 obiecisse
1241 2032 1528 2099 verisimillimum

312 2131 464 2214 videtur;
494 2131 554 2197 sed
583 2132 748 2197 Catonem
777 2132 912 2199 demum
948 2134 985 2198 in
1018 2135 1196 2200 Caesarem
1228 2134 1528 2199 vehementissime

312 2233 488 2300 invectum
503 2232 665 2316 effecisse,
681 2239 720 2299 ut
735 2239 873 2299 senatus
890 2234 1228 2300 animadvertendum
1246 2235 1283 2299 in
1298 2234 1528 2322 deprehensos

314 2340 477 2401 censeret.
522 2334 632 2412 Quam
652 2334 788 2401 laudem
811 2357 892 2401 sane
914 2333 1140 2422 periculosam
1160 2336 1394 2421 lubricamque
1411 2335 1529 2400 Cicero

314 2439 436 2505 Catoni
457 2437 683 2504 libentissimo
705 2439 818 2504 animo
840 2438 992 2504 tribuere
1014 2439 1154 2523 solebat,
1178 2438 1275 2504 cuius
1297 2437 1347 2502 111
1367 2433 1529 2524 permulti

313 2539 381 2605 loci
402 2545 507 2606 testes
524 2545 619 2605 sunt:
643 2540 726 2606 11111
749 2541 795 2606 111
816 2562 922 2607 unum
945 2541 1166 2628 adscripsisse
1188 2540 1260 2624 (cfr.
1277 2561 1338 2627 pro
1355 2539 1444 2605 Sest.
1462 2540 1528 2621 61);

315 2641 472 2724 ,Consule
493 2664 548 2707 me
570 2663 647 2706 cum
669 2643 778 2726 (Cato)
809 2648 898 2707 11111
921 2642 1121 2728 designatus
1142 2640 1302 2707 tribunus
1323 2639 1380 2727 pl,
1404 2639 1531 2706 obtulit

315 2743 352 2808 in
367 2742 550 2808 discrimen
565 2743 672 2809 vitam
688 2764 799 2828 suam;
823 2743 911 2809 dixit
931 2763 1004 2807 1111
1021 2743 1235 2826 sententiam,
1251 2733 1348 2808 cuius
1363 2741 1530 2807 invidiam

316 2843 437 2931 capitis
465 2843 618 2934 periculo
647 2843 713 2910 sibi
740 2844 980 2932 praestandam
1008 2843 1162 2927 videbat,
1185 2842 1273 2909 dixit
1300 2844 1532 2924 vehementer,

317 2945 388 3031 egit
410 2945 549 3029 acriter;
573 2967 622 3030 ea,
645 2968 732 3033 quae
754 2945 871 3030 sensit,
893 2967 975 3033 prae
997 2967 1034 3010 se
1055 2945 1151 3028 tulit;
1181 2944 1260 3029 dux,
1284 2941 1413 3029 auctor,
1435 2951 1533 3009 actor

316 3067 430 3111 rerum
451 3045 587 3111 illarum
608 3045 685 3132 fuit,
707 3069 779 3113 non
801 3067 868 3132 quo
889 3046 1079 3135 periculum
1094 3069 1193 3112 suum
1214 3068 1284 3112 non
1304 3046 1446 3130 videret,
1471 3046 1533 3110 sed

317 3147 353 3212 in
382 3153 479 3214 tanta
507 3148 558 3213 rei
585 3148 743 3236 publicae
776 3155 980 3239 tempestate
1008 3149 1096 3216 nihil
1132 3149 1197 3216 sibi
1233 3150 1300 3216 nisi
1329 3150 1373 3215 de
1400 3150 1533 3236 patriae

193 3310 195 3314 .
316 3248 477 3335 periculis
500 3249 720 3338 cogitandum
740 3251 904 3339 putabat‘.

402 3403 497 3481 Quae
526 3404 682 3489 denique
700 3403 905 3470 Plutarchus
934 3405 1054 3471 ultimo
1083 3425 1154 3494 cap.
1182 3405 1274 3472 XXI
1302 3405 1377 3472 loco
1406 3406 1533 3493 posuit,

318 3526 389 3571 non
417 3505 641 3572 inveniuntur
668 3507 737 3572 nisi
765 3510 856 3596 apud
883 3509 991 3575 hunc:
1023 3511 1201 3576 Caesarem
1230 3509 1272 3575 de
1298 3510 1532 3597 puhhcatione

318 3608 486 3674 bonorum
507 3607 583 3673 aliis
604 3608 779 3676 obstitisse
807 3633 918 3697 neque
940 3611 1084 3698 dignum
1110 3611 1297 3678 affirmasse
1318 3611 1533 3678 humanitate

320 3732 361 3776 11
383 3711 554 3777 sententia
574 3731 637 3776 sua
658 3718 827 3778 summota
847 3713 892 3797 id,
923 3713 1014 3800 quod
1036 3719 1126 3780 11111
1148 3713 1376 3797 durissimum,
1407 3715 1532 3805 accipi,

264 3826 270 3836 ·
320 3813 437 3878 multis
459 3834 540 3879 vero
563 3815 902 3901 contranitentibus,
928 3822 1109 3904 postquam
1129 3815 1187 3882 ille
1208 3815 1336 3882 frustra
1357 3816 1401 3882 ad
1423 3817 1532 3884 trihu-

320 3934 382 3980 nor
409 3914 454 4002 pl.
477 3914 695 4002 provocavit,
723 3915 833 4005 ipsum
865 3917 1063 3985 Ciceronem
1092 3917 1234 3983 cessisse
1264 3923 1298 3983 et
1327 3919 1533 3985 sententiam

321 4017 363 4082 de
385 4015 617 4104 publicatione
637 4016 805 4084 bonorum
826 4008 1005 4088 remisisse.
1049 4021 1164 4106 Atque
1179 4019 1282 4086 etiam
1301 4019 1356 4085 his
1370 4019 1408 4084 in
1430 4020 1533 4086 rebus

322 4116 520 4183 enarrandis
548 4116 661 4204 ipsum
689 4117 886 4186 Ciceronem
923 4142 957 4186 a-
971 4119 1155 4188 Plutarcho
1184 4121 1375 4211 inspectum
1410 4128 1446 4187 et
1477 4123 1534 4188 ad·

321 4218 469 4284 hibitum
497 4240 571 4285 esse
599 4219 636 4284 in
665 4219 780 4287 oculos
807 4222 963 4307 incurrit,
992 4221 1153 4307 quoniam
1181 4223 1249 4307 ille,
1279 4223 1337 4310 qui
1363 4229 1534 4310 tyrannus

322 4321 499 4388 dicebatur
521 4319 678 4408 crudelis,
701 4319 858 4390 omnibus
880 4345 918 4389 se
939 4343 1071 4389 summa
1090 4323 1217 4390 iniuria
1237 4323 1363 4391 nimiae
1386 4324 1534 4393 duritiae

323 4429 424 4514 atque
446 4425 638 4494 severitatis
660 4425 1220 4600 womprobavit
