3198 4980
725 291 727 298 ’
742 281 763 348 ὃ

143 483 235 580 puto,
249 489 411 578 quoniam
424 493 499 556 tum
509 479 671 576 temporis
687 507 761 552 6611
772 490 812 552 111
826 489 1006 553 tuerentur
1021 483 1202 575 optimates
1213 483 1359 553 maxime

146 587 289 681 egerunt
329 594 509 681 populares
546 596 659 656 autem
695 595 735 654 ut
772 594 981 672 everterent,
1020 609 1184 654 summam
1221 611 1358 675 operam

143 696 351 779 dederunt7).
397 698 506 772 Quam
529 693 775 779 expositionem
798 693 902 757 etiam
916 693 1004 757 hanc
1027 692 1070 757 ob
1093 714 1230 758 causam
1250 692 1357 757 fuisse

142 799 370 864 necessariam
392 796 475 860 mihi
497 793 667 880 persuasi,
699 794 790 877 quod
813 794 930 858 Cicero
959 795 1237 859 commentarium
1260 815 1358 858 suum

145 922 223 964 cum
238 899 412 981 Romanis,
436 904 508 961 tum
523 917 604 960 vero
621 895 770 978 Graecis,
795 897 854 980 qui
868 896 990 960 harum
1004 917 1118 960 rerum
1132 895 1358 982 imperitiores

142 1007 256 1083 erant,
296 999 479 1084 legendum
514 1017 705 1084 proponere
731 996 850 1061 voluit.
909 995 1026 1062 Talem
1061 998 1184 1082 igitur,
1224 995 1358 1081 qualem

142 1103 255 1166 animo
285 1101 459 1183 finximuS,
488 1099 569 1163 libri
599 1099 730 1163 exordii
759 1099 945 1183 imaginem
974 1105 1117 1186 apparet
1144 1098 1266 1180 fuisse,
1299 1121 1355 1162 ex-

141 1210 249 1268 tremo
272 1210 387 1267 autem
402 1203 476 1267 1666
494 1199 750 1264 celeberrimum
766 1198 852 1263 illud
866 1200 1112 1283 iusiurandum,
1130 1199 1221 1284 quod
1236 1199 1356 1264 ultimo

145 1304 340 1368 consulatus
371 1304 425 1367 die
447 1302 592 1384 iuravit,
623 1323 700 1365 eum
722 1302 878 1390 posuisse
902 1309 1032 1367 certum
1055 1309 1106 1367 est
1114 1303 1150 1386 ἢ,
1182 1324 1249 1388 quo
1270 1303 1358 1367 nihil

141 1404 184 1469 ad
212 1405 405 1489 legentium
435 1404 565 1468 animos
596 1403 858 1467 commovendos
892 1405 1071 1491 ipsumque
1105 1404 1229 1469 eximia
1256 1403 1357 1469 laude

142 1506 332 1572 ornandum
355 1506 495 1590 gravius
518 1504 585 1569 fuit
607 1505 897 1572 vehementiusve.

222 1609 326 1672 Hunc
347 1607 455 1692 igitur
477 1609 756 1672 commentarium
778 1609 997 1673 aPlutarcho
1023 1609 1060 1674 in
1074 1609 1167 1673 vitae
1183 1609 1356 1674 Ciceronis

140 1709 309 1796 capitibus
326 1707 532 1773 X-XXHI
548 1708 802 1773 conscribendis
817 1710 1041 1798 principalem
1057 1717 1092 1775 et
1105 1732 1213 1775 unum
1224 1711 1358 1775 fontem

141 1809 333 1874 adhibitum
362 1832 434 1874 esse
456 1831 641 1874 censemus.
694 1811 792 1888 Quod
820 1812 958 1896 quidem
997 1836 1073 1878 61111
1095 1819 1206 1878 totum
1231 1813 1357 1879 librum

138 1912 269 1999 perisse
297 1933 504 2001 magnopere
526 1912 711 1977 dolendum
733 1915 793 1997 sit,
825 1915 925 1979 certis
948 1915 1123 2000 firmisque
1146 1915 1357 1998 argumentis

139 2013 285 2101 probare
315 2012 556 2079 difficillimum
584 2037 658 2080 esse
688 2016 893 2100 quicumque
923 2017 960 2080 in
989 2017 1052 2082 hac
1082 2017 1230 2082 fontium
1258 2017 1355 2082 inda-

138 2115 330 2200 gandorum
351 2121 448 2203 parte
467 2117 594 2181 versati
617 2123 697 2182 sunt
707 2169 721 2199 ,.
736 2117 836 2183 facile
852 2119 1048 2183 concedent.
1083 2119 1211 2184 Verum
1232 2125 1357 2202 161161,

139 2218 169 2281 61
184 2240 314 2281 summa
329 2239 410 2281 cura
424 2217 672 2302 diligentiaque
686 2218 724 2283 in
738 2219 802 2283 hac
819 2241 855 2282 re
870 2219 1113 2303 investiganda
1138 2219 1357 2284 adhibebitur

139 2340 250 2402 neque
272 2317 425 2383 omnium
454 2339 567 2382 rerum
594 2318 650 2382 vel
679 2319 985 2385 minutissimarum
1008 2321 1235 2386 consideratio
1258 2322 1357 2385 omit-

138 2425 247 2502 tetur,
277 2419 351 2484 fieri
381 2441 480 2507 posse
510 2418 660 2500 confido,
693 2425 731 2483 ut
760 2441 876 2501 omnes
899 2420 1121 2486 difficultates
1144 2428 1357 2508 superentur.

138 2522 252 2604 Atque
280 2521 329 2586 ita
357 2545 411 2586 res
439 2523 523 2587 mihi
546 2522 758 2586 instituenda
779 2522 934 2606 videtur,
968 2531 1008 2588 ut
1037 2546 1123 2609 quae
1151 2523 1357 2588 Plutarchus

138 2622 174 2687 in
196 2623 269 2686 vita
291 2623 466 2689 Ciceronis
497 2623 650 2710 acepite
672 2623 707 2688 X
737 2646 846 2708 usqne
874 2625 918 2688 ad
948 2632 1052 2712 caput
1073 2626 1202 2690 XXIII
1230 2624 1356 2689 litteris

138 2725 330 2808 mandavit,
355 2725 618 2809 diligentissime
638 2726 885 2812 perlustremus
909 2733 1041 2792 etcum
1065 2728 1113 2792 eis
1134 2727 1355 2810 conferamus

138 2849 225 2910 quae
255 2828 372 2891 inille
395 2828 569 2892 Ciceronis
591 2827 680 2892 libro
704 2829 831 2915 scripta
856 2829 963 2894 fuisse
985 2829 1272 2894 verisimillimum
1295 2836 1356 2894 est.

139 2929 213 3005 Qua
235 2927 272 2992 in
300 2951 336 2992 re
358 2930 423 2992 etsi
453 2929 510 2993 1116
533 2932 795 2995 commentarius
823 2931 971 3012 interiit,
1003 2937 1116 2996 tamen
1146 2953 1166 2996 a
1195 2954 1255 3018 spe
1283 2933 1355 2996 eius

138 3030 286 3115 vestigia
301 3030 489 3115 indagandi
504 3052 573 3095 non
589 3054 728 3118 prorsus
741 3033 900 3098 destituti
916 3053 1041 3097 sumus.
1076 3033 1163 3098 Nam
1177 3033 1358 3119 permultis
1397 3083 1398 3086 η

140 3132 241 3215 16616,
275 3137 315 3195 111
347 3131 415 3195 iam
445 3153 547 3218 supra
583 3132 746 3216 diximus,
787 3133 986 3198 Ciceronem
1021 3133 1063 3197 de
1095 3133 1217 3198 iisdem
1255 3133 1358 3198 rebus

139 3233 363 3298 disserentem
387 3254 464 3296 cum
478 3233 662 3297 Plutarcho
686 3234 841 3299 conferre
863 3235 960 3315 11661,
985 3256 1190 3318 quamquam
1212 3235 1255 3298 de
1276 3256 1356 3300 con·

140 3333 310 3399 iuratione
332 3333 532 3398 Catilinaria
564 3335 753 3419 ceterisque
776 3335 972 3399 consulatus
1003 3336 1056 3400 sui
1077 3334 1179 3399 rebus
1200 3335 1298 3399 illum
1320 3336 1357 3400 in

141 3436 381 3500 commentario
404 3435 561 3499 similiter
583 3441 685 3519 atque
713 3437 750 3499 in
773 3437 848 3500 aliis
872 3437 1008 3523 scriptis
1031 3435 1228 3523 exposuisse
1250 3442 1355 3522 patet,

139 3536 381 3600 tamennobis
405 3534 596 3600 cavendum
619 3541 686 3618 est,
716 3559 760 3600 ne
783 3559 849 3621 quo
878 3543 1047 3623 tempore,
1078 3559 1145 3621 qua
1167 3538 1355 3621 occasione,

142 3659 207 3721 quo
229 3637 320 3720 loce,
352 3658 418 3720 quo
447 3636 548 3701 modo
572 3637 689 3701 Cicero
719 3660 758 3701 ea
785 3639 965 3724 protulerit
1001 3638 1240 3723 neglegamus,
1271 3662 1354 3723 quo·

138 3739 230 3802 niam
253 3760 330 3802 eum
351 3737 451 3802 611161
474 3737 517 3802 ad
538 3738 720 3825 populum,
750 3739 849 3803 aliter
876 3740 913 3802 in
943 3745 1064 3806 senatu
1096 3738 1224 3803 dixisse
1253 3746 1355 3825 atque

137 3841 180 3904 de
202 3840 376 3904 nonnullis
399 3840 500 3906 rebus
524 3847 558 3904 et
581 3839 785 3924 quibusdam
807 3839 891 3906 viris
914 3839 980 3903 alio
1005 3844 1157 3925 tempore
1180 3839 1279 3904 aliter
1301 3842 1353 3906 iu-

48 3963 51 3968 *
138 3941 270 4005 dicasse
292 3940 328 4003 in
349 3947 509 4026 promptu
525 3947 586 4005 661.
623 3941 745 4024 ltaque
766 3940 840 4022 hoc,
863 3947 901 4004 ut
923 3942 1040 4027 paucis
1057 3940 1350 4026 comprehendam,

138 4044 193 4108 vel
223 4041 368 4106 maximo
397 4064 460 4106 nos
490 4049 647 4130 spectare
671 4063 810 4106 necesse
839 4049 907 4124 cst,
946 4064 990 4106 ne
1019 4042 1101 4126 quid
1127 4044 1348 4128 proferamus

137 4144 228 4228 quod
251 4143 293 4208 ab
317 4165 356 4207 66
381 4143 596 4227 condicione,
620 4168 687 4230 qua
702 4144 821 4209 Cicero
844 4165 933 4210 anno
956 4166 984 4208 6.
1002 4143 1079 4208 Chr.
1103 4166 1135 4208 1.
1152 4144 1218 4208 LX
1239 4145 1354 4228 fuerit,

224 4372 247 4435 ¹)
268 4369 558 4424 Weizsacckerus
576 4370 594 4423 l.
614 4388 636 4425 c.
655 4388 681 4438 p.
700 4370 759 4438 418,
777 4369 840 4424 adn.
860 4372 874 4423 1
894 4369 977 4422 aliam
996 4368 1161 4422 sententium
1180 4369 1350 4440 pronuntiat,

223 4472 590 4540 Β)611,11161616661161.
627 4475 644 4528 1,
663 4491 686 4533 c.
722 4491 748 4542 p.
766 4472 825 4527 419.
