3198 4980
683 349 731 416 ‘25

99 543 428 622 1111111111111111
458 554 551 618 hunc
579 559 742 638 testatur,
776 559 879 639 atque
911 574 928 619 e
958 553 1181 642 scriptoribus
1202 563 1313 624 aetate

100 657 346 746 posterioribus
376 679 453 720 cum
482 655 659 742 Appianus
690 656 735 742 (b.
766 678 792 720 c.
815 657 867 739 Il,
890 657 921 739 3)
951 656 1036 721 falso
1066 657 1250 722 Lentulum
1280 665 1315 724 et

101 759 292 843 Cethegum
314 759 476 840 nominet,
499 757 564 822 Dio
587 757 630 821 de
644 757 840 822 nominibus
854 779 993 845 prorsus
1015 763 1114 827 tacet.
1161 762 1315 848 Apparet

103 860 214 946 igitur
235 860 326 923 inter
348 880 405 922 eos
429 879 495 942 qua
515 857 622 922 maior
644 857 738 922 nulla
753 858 897 943 cogitari
918 864 1031 946 potest
1052 859 1316 948 discrepantiam

99 983 184 1025 esse.
228 961 347 1044 Neque
368 957 476 1044 igitur
495 959 617 1024 merito
639 960 858 1024 Drumannus
881 983 1029 1027 errorem
1051 963 1202 1028 omnium
1225 987 1315 1030 com·

100 1084 242 1129 munem
267 1061 450 1126 Plutarcho
481 1061 545 1126 soli
574 1061 708 1127 crimini
739 1061 835 1127 dedit
871 1061 941 1148 (cfr.
972 1063 993 1126 l.
1018 1086 1044 1128 c.
1068 1065 1109 1150 V,
1140 1066 1218 1150 457,
1248 1067 1315 1154 42).

103 1164 315 1248 Quamquam
353 1161 416 1226 hoc
452 1162 526 1226 loco
565 1161 786 1227 Plutarchum
823 1163 1005 1228 defendere
1049 1164 1134 1230 mihi
1174 1189 1245 1232 uon
1280 1169 1317 1232 in

105 1264 218 1329 animo
248 1269 313 1346 est,
346 1262 506 1346 quoniam
527 1263 564 1326 in
587 1263 659 1327 eius
681 1263 775 1330 libris
797 1286 868 1329 non
896 1286 1022 1351 paucos
1053 1289 1182 1334 errores
1210 1268 1316 1334 nimia

106 1364 277 1430 scribendi
313 1363 533 1429 festinatione
562 1363 618 1428 vel
651 1363 752 1427 etiam
785 1364 1003 1450 neglegentia
1043 1368 1188 1451 quadam
1225 1375 1317 1435 ortos

106 1464 316 1552 deprehendi
330 1489 399 1531 non
414 1467 551 1552 ignoro;
568 1465 654 1530 illud
669 1470 783 1530 tamen
799 1467 933 1532 silentio
949 1490 1019 1534 non
1033 1472 1319 1556 praetereundum

108 1588 180 1632 esse
206 1567 337 1651 iudico,
367 1569 458 1652 quod
479 1574 518 1633 ut
547 1569 582 1632 C.
607 1568 756 1632 Cornelii
783 1569 926 1656 Cethegi
947 1575 1154 1639 mentionem
1182 1574 1319 1659 faceret,

103 1693 183 1734 eum
202 1668 364 1734 fefellisse
378 1670 515 1735 videtur
535 1693 605 1736 non
629 1671 738 1735 solum
751 1693 957 1758 praenomen
980 1679 1014 1738 et
1035 1697 1159 1740 nornen
1180 1677 1318 1763 gentile,
1398 1725 1399 1730 η

105 1772 199 1856 quod
227 1771 348 1836 habuit
376 1793 452 1835 curn
483 1772 634 1857 Cethego
665 1793 841 1836 commune
870 1773 914 1855 ie,
947 1775 1006 1860 qui
1028 1776 1226 1852 Ciceronem
1253 1779 1319 1844 sibi

27 1916 37 1938 t
103 1869 381 1935 interficiendum
414 1876 629 1959 poposcerat,
665 1872 724 1936 sed
757 1873 859 1937 etiam
889 1875 927 1939 id
955 1877 1046 1960 quod
1077 1900 1318 1966 saepenumero

108 1971 201 2058 apud
230 1971 342 2058 ipsum
364 1971 560 2038 Ciceronem
589 1975 733 2060 legimus
757 1973 907 2060 Cethego
930 1977 1128 2045 mandatum
1158 2003 1248 2065 esse,
1282 1989 1321 2048 ut

109 2080 283 2138 senatores
305 2079 406 2158 atque
427 2075 591 2162 imprimis
615 2076 788 2141 consulem
807 2078 1057 2166 confoderet²³⁶).
1102 2083 1213 2168 Magis
1236 2106 1317 2150 vero

108 2175 152 2239 de
173 2175 302 2240 Marcio
325 2175 546 2261 ambigimus,
579 2186 694 2241 utrum
722 2178 778 2242 hie
807 2200 899 2242 error
920 2179 1096 2246 Plutarchi
1125 2205 1168 2248 an
1189 2184 1322 2250 librarii

106 2277 358 2363 neglegentiae,
382 2277 474 2361 quod
496 2300 558 2364 ego
582 2279 719 2363 quidem
740 2280 866 2364 malirn,
889 2283 1126 2348 attribuendus
1147 2285 1201 2368 sit,
1224 2272 1320 2374 prae-

107 2377 226 2441 sertim
262 2400 339 2441 cum
373 2377 479 2443 libros
515 2379 710 2444 nominibus
739 2380 885 2466 propriis
915 2383 1096 2470 praecipue
1127 2385 1321 2472 depravatis

108 2481 305 2564 inquinatos
335 2503 408 2545 esse
438 2480 594 2546 omnibus
623 2487 743 2546 notum
773 2482 825 2546 sit.
881 2484 1001 2548 Cetera
1030 2507 1164 2570 quoque
1195 2488 1223 2550 si
1252 2510 1321 2553 non

111 2581 247 2664 iisdem,
270 2586 418 2646 atcerte
441 2582 621 2648 simillimis
644 2583 758 2648 verbis
781 2583 823 2647 ab
845 2589 990 2668 utroque
1012 2592 1210 2652 narrantur:

271 2769 528 2838 11111111.
609 2803 614 2812 ·
716 2771 719 2905 Ι
886 2772 1175 2857 11111111

176 2885 364 2976 Προελθὼν
384 2889 411 2955 δ’
432 2888 612 2979 ὁΚικέρων
627 2886 695 2955 ἐκεί·
803 2889 915 2967 Quid?
937 2897 976 2955 ut
990 2890 1149 2956 hesterno
1172 2891 1227 2956 die
1247 2914 1324 2956 cum

111 2991 160 3083 λει
189 2984 251 3070 τὴν
280 2988 464 3074 σύγκλητον
496 2999 541 3068 είς
568 2988 607 3057 τὸ
637 2994 696 3056 τοῦ
740 2991 831 3055 domi
858 3012 953 3056 meae
984 3014 1088 3079 paene
1121 2992 1322 3058 interfectus

111 3093 264 3172 Στησίου
276 3085 354 3168 Διὸς
368 3088 463 3179 ἱερόν,
481 3087 520 3159 ὃν
532 3088 695 3175 Στάτορα
740 3112 848 3166 essem
869 3098 1024 3158 senatum
1046 3094 1083 3158 in
1098 3094 1216 3159 aedem
1230 3093 1323 3159 Iovis

107 3191 263 3274 Ῥωμαῖοι
285 3195 449 3271 καλοῦσιν,
472 3195 645 3280 ἱδρυμένον
662 3201 696 3260 ὲν
740 3191 884 3258 Statoris
908 3195 1046 3276 vocavi;
1072 3235 1108 3241 —

112 3291 196 3384 ἀρχῇ
226 3296 286 3375 τῆς
314 3297 404 3381 ἱερᾶς
434 3292 512 3360 ὁδοῦ
544 3289 628 3381 πρὸς
656 3290 695 3360 τὸ
803 3315 869 3380 quo
892 3317 974 3358 cum
992 3295 1139 3360 Catilina
1160 3297 1322 3380 venisset,

114 3388 291 3458 Παλάτιον
313 3390 484 3461 ἀνιόντων.
526 3394 697 3462 Ἐνταῦθα
741 3395 799 3480 qui
816 3417 894 3461 eum
909 3403 1044 3462 senator
1062 3397 1267 3484 appellavit?
1291 3405 1325 3462 et

117 3495 171 3557 καὶ
189 3496 249 3559 τοῦ
263 3495 427 3561 Κατιλίνα
447 3491 533 3578 μεταλ
555 3499 621 3563 τῶν
642 3492 695 3562 ἄλ·
742 3520 772 3581 q.
798 3519 822 3561 s.
846 3535 887 3545 -

116 3590 217 3676 aaut)
226 3590 392 3672 ἐλθόντος
402 3593 445 3671 ὡς
455 3594 696 3682 ἀπολογησομέ-

117 3718 185 3770 νου,
207 3699 412 3778 συγκαθίσαι
429 3697 491 3778 μὲν
507 3695 612 3774 οὐδεὶς
626 3697 697 3764 tat·
805 3698 888 3782 quin
925 3698 1027 3762 etiam
1055 3699 1226 3786 principes
1255 3700 1328 3764 eius

114 3819 207 3878 μεινε
244 3799 310 3862 τῶν
341 3800 578 3882 συγκλητικῶν,
613 3795 700 3866 ἀλλὰ
743 3798 870 3864 ordinis
887 3804 1020 3885 partem
1041 3799 1133 3865 illam
1148 3800 1325 3867 subsellio-

116 3893 240 3974 ποίντες
266 3893 333 3964 ἀπὸ
362 3902 422 3963 τοῦ
457 3896 596 3986 βοίίλρον
625 3925 698 3983 μετ-
742 3921 834 3983 rum,
861 3900 904 3964 ad
927 3922 1029 3984 quam
1049 3901 1107 3965 ille
1130 3909 1328 3984 accesserat,

115 4001 238 4078 ἦλθον.
482 3987 483 3990 “
743 4001 870 4066 nudam
897 4005 1000 4085 atque
1025 4004 1161 4070 inanem
1183 4005 1328 4090 relique-

97 4105 106 4120 ‘
744 4107 834 4166 runt.

121 4271 539 4288 —b—————un—-————--—
604 4285 606 4288 .

195 4431 233 4494 ³⁶]
258 4427 307 4484 clr.
326 4429 383 4484 Cat.
402 4426 427 4497 4,
446 4425 492 4495 13;
515 4443 566 4496 pro
584 4426 650 4483 Sull.
669 4429 717 4497 533
742 4429 798 4482 Cat.
816 4427 843 4497 4,
862 4427 892 4481 11
911 4430 981 4480 extr.

196 4536 233 4598 81)
258 4531 307 4588 cfr.
326 4532 384 4588 Oet.
402 4533 427 4602 1,
444 4533 461 4588 8
479 4534 578 4599 (extr.)
597 4532 623 4588 9.
