3198 4980
116 1555 304 1667 Hodierno
327 1599 382 1664 die
404 1598 471 1664 viri
493 1596 585 1662 docti
611 1595 648 1661 id
669 1595 837 1682 imprimis
860 1599 983 1678 agunt,
1012 1597 1052 1657 ut
1073 1593 1325 1660 accuratissime

117 1705 305 1788 inquirant,
339 1724 358 1764 6
387 1699 511 1786 quibus
541 1698 695 1764 fontibus
726 1719 764 1762 ea
793 1695 902 1784 petita
931 1695 1017 1778 sint,
1059 1692 1148 1780 quae
1176 1695 1276 1761 uobis
1305 1691 1331 1760 a'

115 1805 286 1872 veteribus
307 1825 421 1869 rerum
443 1801 667 1889 scriptoribus
688 1800 881 1866 traduntur.
928 1797 1016 1862 Nam
1037 1802 1111 1861 tum
1133 1796 1270 1863 demum
1291 1804 1326 1864 et

117 1906 280 1972 derebus
302 1905 409 1991 gestis
439 1909 474 1968 et
502 1902 545 1967 de
576 1901 650 1990 ipso
673 1901 838 1988 scriptore
860 1921 929 1972 non
950 1898 1068 1983 inique
1089 1898 1326 1982 iudicabimus

119 2030 192 2072 cum
214 2006 338 2092 quibus
360 2004 566 2071 testimoniis
587 2003 646 2068 ille
667 2003 800 2068 nitatur
822 2008 857 2067 et
871 2022 939 2086 qua
954 2001 1087 2066 ratione
1108 2002 1152 2066 iis
1167 2023 1248 2066 usus
1271 2003 1326 2083 sit,

118 2105 297 2192 diligenter
312 2107 610 2194 exploraverimus.
648 2105 768 2188 Neque
782 2103 889 2188 igitur
904 2123 1108 2186 quemquam
1124 2125 1198 2168 esse
1213 2103 1324 2186 credo,

116 2211 170 2295 qui
206 2211 323 2295 magni
358 2211 523 2274 interesse
556 2207 708 2274 omnium
745 2211 902 2271 nostrum
941 2210 1046 2290 neget
1085 2205 1190 2290 scire,
1232 2203 1324 2270 unde

115 2311 319 2380 Plutarchus
341 2314 659 2395 rerumgestarum,
683 2329 767 2392 quas
781 2305 964 2372 memoriae
978 2304 1145 2393 prodidit),
1167 2301 1327 2371 notitiam

114 2413 284 2496 hauserit,
317 2411 519 2498 praesertim
549 2433 626 2475 cum
655 2410 768 2475 omnia
794 2407 883 2492 fere,
917 2429 1003 2494 quae
1030 2403 1216 2473 ab'nltima
1237 2408 1325 2474 anti·

119 2515 249 2599 quitata
277 2534 385 2598 usque
422 2513 466 2578 ad
501 2513 609 2600 ipsius
639 2518 787 2578 aetatem
818 2511 910 2576 facta
938 2515 1034 2594 sunt,
1071 2509 1171 2578 modo
1205 2510 1329 2578 leviter

117 2613 292 2678 transierit
306 2634 345 2677 ac
358 2613 593 2678 tantummodo
608 2613 857 2701 perstrinxerit,
872 2611 972 2678 modo
988 2607 1158 2699 copiosius
1173 2611 1328 2678 uberius·

117 2737 185 2799 que
207 2715 425 2802 descripserit
454 2720 556 2798 atque
586 2723 828 2802 saepenumero
851 2711 960 2796 solua,
992 2714 1154 2798 quoniam
1179 2715 1327 2801 permul-

113 2822 229 2880 torum
256 2815 460 2902 scriptorum
490 2835 593 2902 opera
614 2815 836 2898 interierunt,
871 2814 989 2880 multis
1018 2814 1062 2881 de
1092 2815 1194 2890 rebus
1216 2816 1328 2902 iisque

110 2916 325 3002 gravissimis
354 2939 417 2982 nos
446 2916 607 2981 certiores
636 2915 764 2981 fecerit.
818 2915 919 2993 Quod
947 2937 1025 2980 cum
1053 2916 1262 2983 recentiores
1292 2923 1327 2982 et

111 3016 283 3104 philologi
312 3023 348 3082 et
369 3017 533 3088 historici
552 3017 818 3100 intellexissent,
848 3016 886 3080 in
907 3017 1084 3082 Plutarchi
1114 3017 1327 3104 singularum

112 3118 267 3184 vitarum
288 3118 442 3184 fontibus
471 3118 722 3214 investigandis
752 3140 890 3206 operam
912 3127 1205 3207 consumpserrmt.
1258 3120 1328 3190 Sed

106 3225 273 3302 nonest,
303 3219 394 3304 quod
415 3219 537 3284 horum
560 3219 800 3307 opusculorum
827 3220 1083 3288 multitudinem
1113 3243 1325 3290 enumerem:

109 3320 197 3384 satis
219 3319 330 3385 habeo
353 3342 410 3388 eos
428 3321 607 3404 laudasse,
637 3321 696 3405 qui
725 3343 803 3386 cum
824 3323 867 3388 de
890 3323 1009 3389 eadem
1029 3346 1081 3408 re,
1105 3346 1207 3409 quam
1227 3323 1326 3390 nobis

104 3421 350 3508 proposuimus
380 3421 608 3506 tractandam,
640 3422 856 3507 dissererent,
880 3427 1086 3492 sententiam
1106 3428 1325 3514 protulerunt

106 3524 337 3589 Plutarchum
357 3523 394 3588 in
408 3523 481 3589 vita
497 3524 670 3589 Ciceronis
693 3526 938 3593 conscribenda
958 3528 1061 3594 huius
1084 3530 1328 3596 commentario

105 3625 153 3688 de
168 3624 352 3690 *consulatu
368 3625 498 3690 Graece
513 3625 639 3712 scripto
655 3648 755 3691 usum
777 3649 859 3692 esse.
903 3630 1018 3714 Atque
1033 3636 1072 3695 ut
1085 3629 1294 3698 Heerenium
1302 3632 1326 3717 ¹)

101 3718 396 3812 praetermittam,
427 3725 486 3811 qui
508 3727 714 3792 enumeratis
744 3729 941 3795 auctoribus
970 3731 1013 3796 ab
1044 3731 1118 3819 ipso
1140 3733 1325 3819 Plutarcho

103 3827 229 3892 citatis
251 3829 496 3894 accuratiorem
524 3827 672 3894 fontium
693 3833 1021 3918 pervestigationem
1050 3835 1178 3922 omisit,
1208 3859 1326 3923 quam·

102 3950 216 4014 quam
234 3950 301 4015 qua
321 3929 389 3995 fiiit
409 3929 595 4016 sagacitate
617 3930 725 3996 multa
747 3938 782 3996 et
803 3953 885 3998 vera
899 3933 1048 3999 invenit:
1072 3935 1115 4002 de
1129 3939 1326 4005 recentiori-

98 4031 175 4096 bus
205 4031 340 4117 Legum
363 4032 727 4120 Weizsaeckerumque
756 4039 1020 4122 commem0r0²).
1064 4038 1217 4116 Quorum
1247 4042 1327 4127 quia

200 4222 224 4275 ¹]
250 4221 399 4290 Heeren,
416 4221 450 4275 de
468 4221 535 4276 font.
554 4227 582 4276 et
600 4226 704 4278 auctor.
723 4223 763 4278 vit
780 4241 838 4294 par.
857 4225 929 4280 Plut.
948 4242 971 4279 c,
986 4226 1032 4281 IV.
1052 4226 1175 4296 Gotting.
1194 4228 1269 4286 1820.

199 4310 225 4374 ²)
252 4308 283 4363 G.
304 4309 432 4378 Lagus,
450 4308 521 4363 Plut.
540 4309 588 4364 vit.
607 4309 660 4364 Cic.
681 4311 775 4380 script.
793 4310 887 4366 fascic.
905 4313 1012 4367 lli-V.
1048 4313 1182 4384 Helsingf.
1203 4314 1322 4380 1847148.

252 4394 281 4450 Ρ.
302 4395 540 4464 Weizstcker,
564 4395 617 4451 Cic.
636 4397 828 4466 Hypomnema
852 4416 878 4453 u.
897 4399 969 4455 Plut.
994 4400 1043 4456 cfr.
1067 4401 1162 4459 Fleck.
1185 4401 1281 4458 Jahrb.
1307 4403 1325 4459 s.

251 4479 323 4538 Phil.
341 4481 408 4538 1875
425 4499 452 4554 p.
468 4481 518 4538 417
537 4499 596 4554 sqq.
1161 4567 1176 4619 ¹
