3198 4980
850 255 890 340 ll

766 363 973 373 .--.-.ι

242 478 475 544 ⁴tribunorum
499 477 660 541 seditiosa
683 477 824 541 consilia
847 477 1047 563 explicaret,
1070 476 1153 541 haec
1175 474 1213 540 in
1230 466 1474 542 commentario

259 584 390 647 Graeco
406 579 600 644 absolveret
615 578 760 662 ideoque
782 601 854 643 rem
876 584 1025 643 tractatu
1043 577 1288 661 difficillimam,
1313 578 1475 662 quoniam

262 703 364 767 quam
390 681 511 766 iniqua
537 685 640 763 esset,
674 680 893 744 manifestum
923 685 1010 762 erat,
1043 679 1240 763 relinquens
1272 679 1315 744 ad
1344 681 1474 743 maiora

263 787 477 870 properaret,
514 803 600 866 quae
640 782 805 846 ornatiori
840 781 1061 869 descriptioni
1093 780 1299 845 videbantur
1335 780 1476 866 aptiora.

262 885 417 968 Namque
445 881 576 948 tribuni
606 883 651 970 pl.
688 883 724 946 in
759 904 796 946 re
824 881 961 968 publica
994 881 1136 946 eandem
1168 881 1335 945 rationem
1368 880 1478 943 secuti

260 983 357 1074 (πρὸς
379 982 440 1068 τὴν
462 981 568 1066 αὐτὴν
590 983 772 1066 eata-aa)
795 983 871 1067 lege
894 983 1027 1066 agraria
1048 983 1118 1047 lata
1134 988 1290 1046 senatum
1305 981 1478 1046 vexabant

260 1091 362 1170 atque
391 1084 497 1150 totius
527 1085 577 1148 rei
603 1084 760 1171 publicae
791 1091 918 1154 statum
946 1084 1209 1172 labefactabant.
1268 1084 1320 1148 De
1352 1083 1477 1168 quibus

262 1207 484 1271 quaecunque
499 1185 705 1250 Plutarchus
727 1187 908 1252 memoriae
929 1186 1096 1272 prodidit,
1120 1184 1230 1249 eidem
1245 1184 1334 1248 fonti
1349 1184 1479 1249 debuit.

260 1289 348 1352 Nam
371 1310 447 1352 cum
469 1287 525 1350 hic
548 1286 649 1350 etiam
674 1286 767 1372 hanc,
788 1286 899 1372 legem
919 1288 1055 1352 futurae
1085 1287 1136 1350 rei
1158 1286 1315 1373 publicae
1344 1291 1479 1372 pertur-

262 1389 411 1452 bationis
443 1410 462 1452 a
485 1389 632 1453 Catilina
661 1389 771 1453 factae
798 1389 1036 1476 praenuntiam
1058 1389 1164 1453 fuisse
1191 1394 1305 1476 putet,
1339 1388 1480 1451 minime

266 1511 285 1552 a
308 1490 470 1554 Cicerone
493 1491 679 1577 discrepat,
703 1490 762 1574 qui
783 1490 875 1555 idem
896 1491 1003 1555 sensit
1032 1491 1103 1575 (cfr.
1127 1490 1168 1554 de
1190 1491 1257 1576 leg.
1281 1512 1351 1575 agr.
1376 1489 1404 1571 1,
1427 1490 1479 1556 22.

263 1591 320 1672 263
349 1591 385 1673 2,
407 1590 460 1676 8);
496 1592 556 1656 ubi
586 1615 663 1656 cum
695 1597 812 1655 contra
840 1591 936 1655 illum
966 1591 1115 1657 civitatis
1146 1597 1272 1657 statum
1302 1597 1336 1656 et
1358 1597 1479 1655 contra

264 1692 371 1756 otium
394 1692 545 1756 omnium
566 1693 634 1756 11111
656 1691 716 1756 diu
737 1692 823 1756 inita
845 1713 919 1756 esse
941 1691 1172 1778 improborum
1194 1693 1321 1757 civium
1337 1691 1481 1756 consilia

264 1795 403 1878 diceret,
427 1795 486 1880 qui
499 1794 607 1860 multo
623 1795 731 1880 magis
748 1816 849 1879 quam
864 1793 986 1859 Rullus
1005 1795 1176 1879 ceterique
1191 1793 1322 1858 tribuni
1336 1792 1483 1856 timendi

267 1903 397 1981 essent,
435 1897 616 1961 Catilinam
647 1897 787 1982 eiusque
818 1897 981 1980 satellites
1015 1897 1057 1962 ab
1092 1919 1131 1960 eo
1161 1895 1372 1981 significatos
1406 1917 1482 1959 esse

265 1997 549 2062 verisimillimum
572 2002 632 2062 111.
678 1997 772 2074 Quae
795 1997 912 2062 Cicero
934 1998 971 2062 in
1001 1998 1240 2062 commentario
1271 2019 1331 2062 suo
1362 1997 1483 2062 eodem

265 2098 366 2163 modo
397 2121 554 2164 narrasse
584 2099 828 2180 existimandus
861 2094 927 2183 est,
961 2101 1010 2164 111
1039 2105 1077 2164 ut
1099 2100 1265 2164 Catilinae
1290 2099 1485 2187 perniciosa

266 2201 408 2265 consilia
429 2202 609 2287 plerosque
626 2201 763 2286 quidem
785 2201 926 2267 latuisse
943 2202 1121 2285 scriberet,
1145 2203 1258 2289 ipsum
1273 2208 1387 2266 autem
1404 2223 1484 2264 cum

267 2321 383 2365 omnes
404 2323 457 2366 res
480 2302 675 2367 consulatus
705 2303 758 2366 1111
780 2302 996 2367 turbulentas
1018 2325 1207 2390 perunum
1229 2304 1327 2368 illum
1348 2308 1486 2389 pestem

267 2401 494 2488 reipublicae
516 2403 711 2469 molientem
733 2405 841 2469 factas
870 2427 944 2469 esse
965 2405 1205 2490 intellexisset,
1237 2407 1274 2470 id
1302 2405 1486 2470 consilium

221 2564 223 2568 ,
269 2505 419 2570 civitatis
441 2506 685 2591 gubernandae
701 2508 1057 2594 administrandaeque
1078 2514 1231 2572 secutum
1248 2529 1337 2589 esse,
1358 2511 1487 2570 utnon

268 2607 368 2672 modo
383 2605 490 2674 bonos
514 2609 605 2673 cives
628 2608 743 2674 abillo
760 2616 943 2692 averteret,
966 2609 1026 2674 sed
1042 2610 1144 2674 1111111
1158 2610 1314 2674 tribunos
1329 2607 1439 2694 plebis
1450 2608 1486 2690 ¹⁹)

270 2713 372 2792 atque
407 2708 597 2773 Antonium
633 2708 798 2794 collegam
834 2710 900 2774 sibi
937 2717 970 2774 et
1006 2712 1055 2775 rei
1091 2711 1248 2797 publicae
1277 2709 1486 2776 conciliaret.

269 2808 364 2874 Haeo
385 2809 493 2894 igitur
514 2811 618 2895 ratio,
648 2834 714 2896 qua
737 2813 934 2878 Ciceronem
963 2836 1002 2879 ea
1025 2813 1221 2900 exposuisse
1242 2820 1401 2900 putemus
1424 2835 1487 2876 ne·

271 2935 364 2977 cesse
387 2918 448 2997 est,
475 2934 494 2977 a
516 2913 699 2980 Plutarcho
721 2917 860 2981 minime
883 2918 993 2982 aliena
1021 2923 1080 2982 est.
1126 2917 1175 2980 Ac
1198 2941 1241 2982 ne
1263 2916 1386 3001 longus
1409 2916 1487 2998 sim,

271 3014 546 3080 exorationibus
574 3017 612 3081 in
633 3018 774 3083 Rullum
795 3019 938 3102 11111111,
971 3020 1032 3085 ubi
1061 3021 1178 3084 eadem
1206 3020 1314 3084 multo
1345 3018 1487 3103 quidem

272 3115 440 3203 copiosius
464 3122 499 3181 et
519 3118 713 3204 verbosius,
738 3122 796 3186 sed
819 3121 987 3187 similibus
1009 3122 1123 3188 verbis
1147 3121 1240 3186 diota
1263 3126 1351 3203 sunt,
1374 3121 1486 3206 ipsius

273 3217 446 3282 Ciceronis
462 3216 504 3282 de
518 3218 594 3304 lege
609 3223 744 3306 agraria
758 3223 872 3308 verba,
896 3245 982 3308 quae
1002 3225 1045 3287 ad
1062 3221 1239 3287 Plutarchi
1253 3222 1487 3286 narrationem

272 3320 425 3406 proxime
440 3321 618 3406 accedunt,
641 3345 695 3388 me
717 3325 908 3390 adscribere
923 3347 994 3390 non
1015 3325 1244 3389 necessarium
1260 3345 1333 3389 esse
1349 3345 1484 3387 censeo.

273 3422 392 3506 Neque
414 3421 505 3486 enim
527 3423 713 3509 quidquam
734 3426 938 3492 Plutarchus
967 3427 1009 3491 de
1038 3426 1101 3492 hac
1130 3449 1166 3491 re
1188 3425 1312 3490 litteris
1334 3425 1488 3508 mandat,

276 3520 367 3606 quod
388 3544 458 3588 non
480 3524 571 3610 apud
592 3526 789 3592 Ciceronem
810 3528 1014 3594 inveniatur.
1059 3528 1168 3605 Quam
1190 3527 1312 3592 aeriter
1334 3531 1368 3590 et
1383 3526 1490 3590 vehe-

275 3629 407 3688 menter
429 3628 547 3700 consul
575 3628 655 3692 huic
682 3630 853 3715 rogationi
880 3630 1058 3713 restiterit,
1092 3629 1296 3694 Plutarchus
1328 3628 1490 3692 similiter

276 3730 378 3809 atque
413 3726 486 3814 ipre
518 3729 635 3795 Cicero
666 3731 813 3818 explicat
849 3732 920 3815 (cfr.
953 3755 1023 3819 cap.
1047 3731 1119 3795 XII
1156 3731 1264 3816 extr).
1330 3725 1490 3814 Namque

277 3827 394 3892 Cicero
422 3828 509 3916 ipse,
551 3832 719 3915 quomodo
749 3832 837 3898 hanc
866 3853 938 3898 rem
968 3831 1059 3920 apud
1092 3830 1256 3918 populum
1288 3832 1491 3918 susceperit,

276 3929 330 3993 his
358 3930 471 3995 verbis
501 3931 673 4017 significat
702 3933 775 4021 (cfr.
799 3935 841 3999 de
861 3934 882 4000 l.
907 3958 977 4021 agr.
1000 3935 1030 4018 2,
1054 3934 1146 4019 101):
1182 3934 1266 4019 ,Ego
1297 3934 1327 3998 is
1357 3935 1492 4018 consul,

278 4032 338 4116 qui
359 4032 552 4097 contionem
574 4040 742 4117 metuam,
765 4035 824 4119 qui
846 4034 1001 4101 tribunos
1023 4034 1067 4120 pl.
1090 4035 1357 4119 pertimescamP‘
1381 4033 1493 4100 idem-

278 4151 344 4216 que
365 4131 467 4218 paulo
488 4141 566 4220 post
587 4135 640 4199 his
663 4136 790 4200 verbis:
822 4137 915 4219 ,Quis
943 4137 1033 4200 enim
1060 4156 1210 4221 unquam
1239 4144 1309 4202 tam
1340 4137 1494 4202 secunda

279 4234 438 4298 contione
458 4234 569 4321 legem
591 4236 759 4322 agrariam
782 4240 904 4319 suasit,
927 4258 1028 4322 quam
1050 4259 1113 4322 ego
1136 4237 1313 4303 (1111111111ι
1344 4261 1379 4302 11
1401 4239 1493 4303 mul-

357 4463 393 4532 19)
418 4459 467 4518 osr.
485 4429 520 4517 de
537 4460 554 4518 1.
574 4479 631 4534 agr.
649 4461 674 4534 1,
692 4460 739 4521 26:
757 4458 874 4518 deserite
893 4479 952 4536 eos,
971 4462 1127 4536 conspirate
1144 4461 1289 4520 nobiscum
1307 4465 1335 4520 et
1353 4481 1378 4534 q.
1397 4479 1418 4520 s.
