3198 4980
701 301 744 367 35

118 508 272 591 fluxerit,
306 529 375 572 non
412 505 512 571 video
549 527 609 571 cur
640 506 844 572 dubitemus.
904 505 972 572 Sed
1005 527 1093 592 quae
1122 505 1329 593 interposuIt

117 611 320 677 Plutarchus
352 610 435 692 ,οὐδ’
461 607 577 686 α”λλως
598 613 703 676 δοκῶν
724 607 970 694 εὐτολμότατος
996 607 1080 676 εἶναι
1102 623 1174 686 τοῖς
1194 606 1324 686 ἄλλοις(

113 713 187 777 sive
220 712 262 776 de
295 733 356 776 suo
389 710 514 776 adiecit
546 711 619 774 sive
652 731 693 774 ex
715 710 782 775 alio
814 709 909 775 fonte
937 709 1078 795 petivit,
1109 709 1255 778 fortasse
1281 731 1325 774 ex

114 813 250 896 eodem,
280 833 346 896 quo
376 813 414 876 in
442 810 631 898 posteriore
652 811 745 876 vitae
767 811 1010 876 Ciceronianae
1038 816 1136 898 parte
1158 831 1241 875 usus
1263 816 1324 875 est

110 915 143 978 N
147 937 201 980 arn
224 936 300 980 cum
330 913 361 978 ei
389 913 427 976 in
448 917 598 976 mentem
620 911 772 976 venisset
799 911 855 976 hic
881 911 973 977 tradi
995 912 1193 976 Ciceronem
1214 905 1326 995 neque

113 1015 272 1080 exsilium
295 1014 466 1080 constanti
488 1013 600 1078 animo
622 1012 804 1100 pertulisse
826 1011 898 1094 (cfr.
921 1033 948 1074 c.
972 1010 1034 1094 32),
1057 1033 1169 1096 neque
1191 1011 1266 1076 aliis
1288 1011 1325 1076 in

111 1117 216 1182 rebus
238 1115 474 1181 fortitudinem
496 1137 578 1201 prae
601 1137 636 1179 se
657 1115 779 1178 tulisse
800 1114 873 1198 (cfr.
890 1135 917 1178 e.
932 1113 990 1196 42;
1013 1135 1160 1200 compar.
1183 1115 1280 1178 Dein
1296 1137 1324 1178 c.

112 1217 184 1282 Cic.
209 1238 235 1279 o.
251 1217 283 1298 5)
305 1217 390 1280 haec
411 1215 552 1297 adjecit,
575 1215 611 1278 id
634 1214 725 1300 quod
747 1215 803 1280 vel
824 1215 938 1281 verbis
962 1216 1047 1298 ,οὐδ’
1073 1213 1196 1294 datog‘
1219 1214 1325 1301 signi·

113 1318 234 1382 fioasse
254 1317 400 1384 videtur.

164 1488 166 1490 ,
198 1419 313 1502 Atque
347 1440 424 1482 cnm
455 1418 523 1482 illis
559 1417 713 1504 proxima
742 1420 825 1504 (cap.
855 1417 928 1482 XX
959 1415 1021 1503 in.)
1054 1417 1096 1482 de
1125 1421 1261 1482 ostento
1289 1418 1326 1482 in

113 1520 278 1584 sacrificio
302 1520 419 1584 Bonae
440 1519 534 1584 Deae
562 1517 653 1584 facto
683 1519 853 1604 exposita,
885 1518 1045 1602 quoniam
1067 1517 1241 1584 Ciceronis
1264 1518 1322 1584 de-

110 1621 308 1690 liberationi
329 1621 432 1686 finem
454 1621 594 1703 faciunt,
619 1621 717 1704 quasi
738 1620 900 1685 adiuncta
922 1625 957 1685 et
980 1618 1113 1684 adnexa
1131 1619 1323 1704 videantur,

110 1725 212 1788 facile
234 1723 271 1788 in
293 1743 367 1788 eam
390 1723 584 1809 opinionem
600 1722 788 1805 adduceris
812 1728 851 1788 ut
870 1723 954 1788 haec
971 1743 1106 1806 quoque
1120 1723 1201 1787 inde
1215 1723 1324 1810 petita

112 1833 222 1913 putes.
274 1825 384 1902 Quam
413 1825 608 1911 opinionem
637 1826 817 1910 quominus
844 1847 905 1912 pro
929 1830 1021 1889 certo
1043 1822 1238 1906 habeamus,
1260 1824 1321 1890 im·

113 1928 232 2014 pedire
253 1925 389 1992 videtur
412 1926 524 1992 Servii
546 1927 721 1992 adnotatio
744 1927 788 1992 ad
809 1926 956 2012 Vergilii
978 1926 1117 2011 eclogae
1138 1926 1225 1992 VIII
1247 1948 1324 2004 verz
1397 1921 1412 1946 ³

113 2052 188 2094 sum
211 2029 272 2093 105
293 2027 587 2114 interpretandum
610 2029 747 2116 scripta,
770 2050 873 2113 quam
893 2049 1063 2116 apponam
1086 2032 1209 2094 totam:

199 2131 349 2217 ,Aspice‚
380 2130 544 2217 corripuit
573 2129 727 2194 tremulis
756 2129 878 2194 altaria
903 2127 1048 2194 flammis
1071 2127 1200 2214 Sponte
1229 2132 1323 2194 sua‘:

111 2231 195 2314 ,sine
231 2231 314 2316 igne
348 2229 461 2297 subito
503 2252 545 2294 ex
579 2229 663 2316 ipsis
700 2230 871 2296 cineribus
905 2229 1041 2296 flamma
1076 2229 1221 2296 emersit.
1259 2228 1324 2295 boc

109 2332 209 2397 uxori
231 2331 404 2396 Ciceronis
434 2330 559 2396 dieitur
582 2331 783 2416 contigisse:
815 2355 892 2396 cum
913 2337 992 2418 post
1013 2335 1189 2420 peractum
1220 2330 1323 2396 sacri-

110 2434 225 2498 ficium
246 2432 354 2497 libare
369 2431 473 2497 vellet
493 2433 531 2496 in
553 2431 710 2516 cinerem,
734 2455 775 2496 ex
796 2433 870 2520 ipso
887 2432 1000 2501 cinere
1015 2431 1150 2498 flamma
1166 2431 1322 2515 surrexit,

112 2556 199 2620 quae
227 2533 364 2597 flamma
397 2532 516 2597 eodem
548 2553 637 2596 anno
671 2533 845 2598 consulem
880 2532 1035 2600 futurum
1068 2532 1218 2598 ostendit
1250 2531 1323 2597 eius

111 2636 281 2718 maritum,
305 2633 394 2698 sicut
416 2633 534 2699 Cicero
555 2635 592 2699 in
615 2657 675 2700 suo
698 2640 844 2700 testatur
864 2638 1045 2722 poemate‘.

194 2737 309 2821 Atque
338 2758 415 2800 cum
442 2756 513 2800 non
535 2734 676 2800 dubium
699 2736 753 2818 sit,
783 2736 867 2820 quin
888 2735 1092 2802 Plutarchus
1116 2735 1323 2821 Serviusque

110 2839 153 2902 de
176 2838 293 2902 eadem
315 2860 352 2902 re
374 2837 608 2921 disseruerint,
631 2841 755 2903 mirum
785 2845 838 2903 est
868 2859 969 2924 quam
992 2837 1106 2904 variae
1127 2837 1322 2925 discrepan-

109 2945 231 3024 tesque
264 2959 380 3003 eorum
414 2939 604 3003 sententiae
642 2938 719 3003 sint.
746 2967 747 2970 ¹
785 2939 885 3003 Alter
916 2940 1007 3004 enim
1039 2940 1202 3004 Cicerone
1234 2946 1323 3004 teste

108 3039 314 3117 nominatim
336 3040 440 3104 citato
462 3039 527 3104 hoc
549 3045 746 3126 portentum
769 3061 808 3104 eo
831 3059 930 3123 anno,
954 3061 1021 3125 quo
1043 3039 1101 3105 ille
1121 3039 1322 3106 candidatus

109 3141 193 3224 init,
228 3141 314 3204 alter
346 3146 496 3204 extremo
527 3139 723 3206 consulatus
756 3161 872 3204 mense
900 3140 1028 3206 factum
1063 3163 1136 3206 esse
1165 3140 1322 3206 affirmat.

112 3243 193 3306 Huc
207 3241 348 3324 accedit,
373 3241 464 3325 quod
485 3241 522 3305 in
543 3243 697 3306 oratione
713 3241 911 3308 Catilinaria
934 3249 1063 3328 quarta,
1087 3263 1188 3330 quam
1203 3242 1321 3308 Cicero

111 3343 233 3408 habuit
254 3342 419 3429 postridie
441 3343 514 3408 eins
537 3328 619 3425 diei,
649 3363 715 3427 quo
738 3342 826 3408 hano
847 3365 919 3408 rem
942 3343 1096 3409 evenisse
1117 3343 1323 3409 Plutarchus

110 3452 237 3528 narrat,
261 3446 333 3510 eins
353 3445 448 3510 nulla
469 3443 599 3508 mentio
620 3433 684 3511 fia
714 3445 808 3522 Quae
824 3445 992 3538 quomodo
1008 3443 1161 3532 expediri
1183 3450 1218 3509 et
1233 3444 1324 3508 inter

111 3568 147 3610 se
178 3546 350 3610 conciliari
378 3546 528 3632 possint,
563 3567 662 3610 nemo
692 3546 925 3635 explicavitffi).
975 3545 1022 3608 Et
1052 3550 1091 3609 ut
1122 3546 1211 3609 hanc
1239 3565 1322 3628 rem,

110 3670 213 3733 quam
241 3649 283 3714 ad
313 3653 465 3712 nostram
494 3647 768 3730 disquisitionem
790 3647 975 3735 plurimum
997 3646 1111 3711 valere
1132 3645 1323 3732 intelleges

109 3749 167 3813 via
190 3754 223 3812 et
244 3748 375 3814 ratIone
397 3754 598 3830 tractemus,
629 3748 776 3834 primum
807 3770 827 3812 a
849 3747 973 3832 quibus
1003 3753 1038 3811 et
1066 3769 1134 3830 quo
1164 3747 1264 3812 modo
1288 3752 1324 3811 et

46 3923 58 3930 ⁴
109 3873 177 3936 quo
199 3856 350 3938 tempore
372 3851 436 3915 hoc
460 3848 664 3916 sacrificium
685 3848 761 3912 fieri
791 3848 929 3915 solitum
951 3847 1004 3930 sit,
1028 3845 1127 3912 nobis
1150 3869 1321 3934 exponen·

109 3951 191 4018 dum
221 3957 280 4016 est.
332 3950 497 4034 Mysteria
526 3948 617 4014 enim
645 3948 762 4012 Bonae
791 3948 884 4016 Deae
912 3970 934 4016 a
964 3947 1131 4034 matronis
1158 3948 1322 4020 Romanis

108 4053 220 4138 iisque
238 4049 463 4117 nobilissimis
487 4073 553 4138 -pro
584 4051 693 4121 salute
714 4050 834 4137 populi
856 4052 1041 4136 quotannis
1064 4051 1323 4120 celebrabantur

106 4159 214 4220 noctu
235 4153 272 4218 in
294 4153 393 4218 domo
417 4152 489 4218 eius
512 4152 660 4225 consulis
683 4151 756 4219 sive
784 4153 966 4239 praetoriS,
995 4175 1100 4240 penes
1124 4175 1225 4239 quem
1248 4159 1321 4220 tum

187 4398 225 4460 ⁵³)
250 4394 540 4448 Weizsaaokarus
565 4394 582 4447 l.
603 4411 625 4448 c.
644 4392 695 4448 426
720 4394 795 4447 hunc
813 4393 958 4447 Plutarchi
980 4391 1072 4446 locam
1095 4393 1184 4446 chiler
1201 4395 1322 4450 tractans

256 4481 329 4542 hano
346 4478 539 4542 difficultatem
557 4477 688 4539 eirenen
705 4478 783 4548 vidit,
801 4479 860 4538 sira
876 4478 970 4544 sidere
985 4476 1082 4540 noim
