3198 4980
102 442 310 528 indagandis
340 441 531 506 cavendum
567 446 621 506 est
650 441 766 523 nobis,
799 461 844 506 ne
873 440 904 505 ei
935 441 1174 525 obtrudamus,
1207 447 1247 507 ut
1275 443 1326 508 ita

106 548 234 628 dicam,
272 548 462 624 auctorem,
500 562 602 626 quem
628 562 673 606 ne
702 541 865 626 cognovit
894 540 1048 624 quidem;
1085 541 1123 606 id
1159 542 1250 628 quod
1286 543 1324 606 in

105 653 256 714 nostram
290 642 526 728 quaestionem
556 641 698 706 minime
733 641 853 707 cadere
889 647 1039 728 apparet.
1097 642 1322 708 Plutarchum

103 750 205 830 enim,
228 745 312 831 quid
325 743 499 809 Ciceronis
520 743 784 808 commentarius
807 742 1007 825 contineret,
1031 744 1159 829 optime
1181 743 1322 811 scivisse

103 857 208 936 atque
235 845 420 910 lectoribus
449 865 485 909 11
514 843 579 908 hoc
609 841 697 908 libro
727 865 827 908 usum
857 864 931 907 esse
959 842 1086 908 diserte
1114 844 1324 910 indicavisse

102 948 337 1038 cognovimus.
403 940 537 1008 Deinde
572 942 609 1008 id
644 964 715 1008 non
757 943 984 1007 omittendum
1021 944 1195 1028 existimo,
1232 945 1325 1029 quod

103 1055 248 1118 Poteras
271 1047 307 1134 (l.
330 1068 357 1110 c.
380 1066 412 1130 p.
432 1042 505 1124 131)
526 1043 716 1108 rectissime
737 1042 918 1125 intellexit,
943 1043 1208 1132 descriptionem
1231 1046 1324 1112 Cati·

104 1149 247 1219 linariae
269 1143 514 1212 coniurationis
537 1166 557 1209 a
586 1145 698 1232 capite
718 1144 754 1208 X
776 1166 884 1229 usque
906 1144 950 1209 ad
973 1151 1076 1231 caput
1097 1147 1225 1211 XXHI
1247 1169 1324 1234 per·

102 1252 257 1340 spicuam
278 1251 381 1330 atque
403 1243 589 1308 dilucidam
604 1266 674 1310 non
690 1245 790 1310 modo
814 1266 834 1309 a
855 1246 1052 1311 narratione
1067 1266 1184 1311 earum
1199 1269 1323 1330 rerum,

103 1373 189 1440 quas
211 1349 330 1414 Cicero
353 1350 473 1410 contra
488 1344 646 1410 Clodium
667 1344 785 1430 gessit,
808 1345 869 1408 sed
892 1345 996 1410 etiam
1018 1369 1038 1411 a
1059 1349 1182 1412 ceteris
1204 1347 1248 1413 de
1262 1347 1322 1413 illo

103 1449 267 1540 expositis
289 1467 429 1534 prorsus
451 1444 654 1531 discrepare,
677 1451 716 1509 ut
736 1445 874 1510 omnino
896 1445 972 1510 fieri
994 1454 1152 1531 nequeat,
1175 1455 1215 1513 ut
1239 1448 1324 1514 haec

103 1554 218 1620 omnia
248 1571 289 1615 ex
318 1568 387 1612 uuo
416 1545 603 1630 eodemque
632 1545 727 1610 fonte
755 1545 865 1633 petita
894 1547 973 1614 sint.
1024 1548 1140 1632 Atque
1170 1571 1215 1613 ne
1236 1548 1324 1615 illud

102 1653 242 1740 quidem
276 1646 461 1736 praeterire
495 1667 676 1733 possumus
714 1645 868 1730 silenti0,
902 1647 994 1731 quod
1027 1648 1251 1715 Plutarchum
1286 1651 1324 1715 id

103 1755 206 1820 enixe
228 1770 366 1838 operam
386 1747 522 1813 dedisse
543 1747 655 1812 videri
683 1747 800 1813 multis
824 1747 987 1835 exemplis
1011 1751 1261 1837 comprobatur,
1285 1756 1324 1816 ut

103 1853 301 1921 memoriam
321 1869 435 1913 rerum
455 1857 631 1934 gestarum
652 1847 694 1913 ab
718 1847 914 1912 auctoribus
936 1848 1020 1935 ipsis
1044 1851 1218 1917 conditam
1240 1852 1324 1918 alio·

102 1978 181 2022 rum
200 1952 298 2018 libris
320 1948 514 2016 anteferret.
564 1948 722 2034 Denique
749 1969 953 2034 quamquam
976 1972 1092 2015 eorum
1114 1957 1228 2038 partes
1250 1974 1321 2019 non

104 2075 239 2140 sequor,
259 2051 320 2137 qui
334 2048 558 2115 Plutarchum
573 2050 710 2116 omuino
726 2050 901 2115 minimam
914 2049 1324 2118 litterarum-Latinarum

103 2153 283 2222 scientiam
314 2149 476 2215 hahuisse
508 2155 611 2236 atque
643 2150 686 2216 ob
717 2172 791 2215 eam
819 2173 891 2215 rem
919 2150 956 2215 iu
985 2151 1067 2216 vitis
1089 2153 1323 2220 Romanorum

101 2259 230 2324 ducum
263 2250 518 2318 conscribendis
554 2252 702 2339 plurima
735 2275 776 2317 61
806 2251 961 2317 fontibus
990 2252 1132 2319 Graecis
1168 2254 1324 2320 hausisse

102 2359 299 2446 opinantur,
316 2352 596 2416 commentarium
613 2358 729 2418 tamen
744 2353 929 2435 Ciceronis,
945 2354 1005 2438 qui
1020 2375 1175 2419 sermone
1190 2355 1322 2420 Graeco

102 2458 252 2544 scriptus
286 2458 374 2535 erat,
411 2451 574 2517 adhibere
606 2474 685 2518 eum
716 2452 877 2518 maluisse
910 2476 1013 2540 quarn
1043 2454 1179 2520 Tironis
1215 2456 1321 2521 libros

22 2601 25 2604 -
101 2559 225 2646 negari
246 2577 316 2622 nou
337 2576 438 2642 posse
460 2551 603 2618 affirma

188 2694 285 2758 Haec
305 2689 421 2772 habui,
443 2709 530 2773 quae
552 2687 596 2752 de
618 2686 714 2750 fonte
736 2686 958 2752 aPlutarcho
980 2690 1018 2753 in
1040 2689 1094 2754 his
1116 2691 1218 2756 rebus
1242 2713 1322 2758 con·

102 2792 293 2862 scribendis
316 2789 513 2875 adhibitos)
537 2809 751 2874 exponerem.

188 2928 317 2993 Eorum
339 2945 426 3009 quae
454 2945 509 2987 me
536 2921 600 2987 hac
629 2921 853 3006 inquisitione
876 2922 1063 2990 certissime
1085 2927 1323 3013 comprobasse

101 3031 190 3097 mihi
217 3025 388 3115 persuasi,
418 3030 458 3089 ut
485 3023 605 3110 paucis
636 3041 802 3086 summam
830 3028 991 3109 repetam,
1018 3024 1222 3092 Plutarchus
1245 3052 1323 3095 cum

102 3133 141 3198 in
168 3128 272 3194 rebus
295 3124 492 3190 enarrandis
515 3146 535 3188 1
558 3125 721 3190 Cicerone
744 3124 884 3189 consule
906 3146 995 3191 anno
1019 3147 1047 3193 a.
1071 3127 1149 3191 Chr.
1170 3151 1203 3193 n.
1227 3151 1322 3194 1111-

101 3231 234 3318 gesimo
248 3224 351 3292 tertio
366 3225 473 3311 gestis
490 3224 528 3289 id
541 3224 651 3310 magis
668 3224 830 3308 studeret,
853 3232 893 3290 ut
913 3226 1198 3312 adulescentibus
1221 3253 1323 3315 quam

106 3333 340 3409 imitarentur,
370 3325 521 3390 consulis
552 3325 595 3391 de
623 3347 660 3390 re
687 3325 826 3413 publica
855 3327 982 3413 optime
1001 3328 1116 3393 mariti
1137 3329 1323 3416 imaginem

103 3433 326 3520 exprimeret,
357 3447 460 3511 quam
487 3431 527 3491 ut
555 3426 631 3490 aliis
662 3426 858 3492 auctoribus
880 3429 1111 3515 perlustratis,
1140 3438 1322 3518 postquam

104 3533 260 3600 eiusdem
288 3528 338 3594 rei
367 3527 534 3608 omnium,
564 3547 652 3612 quae
683 3533 872 3593 memoratu
895 3527 1000 3614 digna
1022 3536 1145 3612 essent,
1169 3532 1321 3598 testimo·

101 3635 240 3702 nicrum
269 3629 452 3716 diligenter
479 3627 632 3712 undique
655 3627 923 3713 conquisitorum
950 3635 1145 3695 accuratum
1166 3631 1320 3698 instituit

104 3755 257 3814 examen,
279 3731 328 3795 ita
349 3728 532 3794 memoriae
552 3727 722 3815 proderet,
745 3729 1028 3811 quemadmodum
1050 3751 1106 3795 eas
1128 3753 1181 3796 res
1203 3739 1319 3818 gestas

102 3857 178 3902 esse
200 3834 230 3898 11
249 3853 320 3897 non
341 3852 477 3911 verum,
507 3833 542 3892 at
571 3833 663 3893 carte
683 3827 969 3894 verisimillimum
990 3831 1183 3916 videretur,
1211 3856 1319 3900 unum

105 3934 279 4002 Ciceronis
313 3929 593 3997 commentarium
627 3929 670 3993 de
709 3929 890 3995 consulatu
928 3931 1058 3998 Graece
1093 3937 1320 4021 compositum

103 4036 210 4122 elegit
246 4033 312 4099 sibi
348 4031 477 4096 fontem
513 4028 753 4117 principalem,
792 4030 852 4115 qui
885 4037 919 4096 et
950 4030 1085 4098 facilem
1118 4034 1250 4100 aditum
1286 4041 1321 4101 et

178 4277 216 4340 ⁵⁸)
239 4274 281 4326 De
298 4272 442 4326 sententiis
459 4287 563 4341 eorum,
581 4270 629 4339 qui
647 4268 828 4326 Plutarchum
846 4271 986 4341 Sallustio,
1009 4272 1088 4326 Livio
1107 4273 1221 4342 aliisque
1241 4291 1321 4328 usum
1350 4303 1352 4308 ,

241 4377 300 4414 esee
318 4358 478 4430 opinantur,
495 4358 551 4412 alio
568 4358 629 4412 loco
646 4355 787 4420 disseram.
