3198 4980
882 248 924 312 42

799 339 1008 347 ————.—

288 453 546 544 patefaciendae
575 453 731 518 attulisse
761 452 918 518 affirmat.
978 453 1161 540 Significat
1191 457 1299 542 igitur
1328 458 1519 543 Tarquinii

287 558 472 637 indicium,
510 555 601 641 quod
638 555 756 619 Cicero
793 555 917 620 omisit.
975 555 1044 621 Sed
1079 578 1123 621 ne
1159 557 1250 644 apud
1283 559 1517 627 Plutarchum

289 657 427 745 quidem
455 657 492 720 in
520 656 593 721 vita
615 656 788 722 Ciceronis
817 657 920 723 huius
949 658 1077 724 mentio
1099 659 1155 742 fit,
1183 661 1244 725 ubi
1265 661 1301 725 id
1332 662 1444 728 solum
1469 665 1517 730 de

291 761 413 825 Crasso
451 763 749 841 commemoratur,
788 757 880 842 quod
916 758 975 824 ille
1011 758 1175 825 Cicerone
1210 767 1350 828 auctore
1385 762 1516 830 fecisse

288 861 399 926 fertur
406 862 449 942 ⁵³).

372 999 488 1079 Atque
522 993 641 1058 eodem
678 993 779 1058 modo
814 993 1019 1059 Plutarchus
1056 1015 1092 1058 se
1125 994 1300 1061 Ciceronis
1337 1019 1515 1065 commen-

286 1096 412 1162 tarium
433 1095 545 1159 adisse
567 1093 716 1158 dilucide
737 1095 883 1178 indicat,
915 1116 994 1159 cum
1015 1094 1052 1160 in
1073 1095 1135 1160 vit.
1158 1091 1293 1164 Caesar.
1316 1119 1389 1186 cap.
1410 1100 1513 1183 VIII,

287 1203 470 1284 postquam
493 1194 610 1260 eadem
632 1193 713 1277 fere,
737 1216 824 1279 quae
848 1195 886 1260 in
908 1194 1072 1260 Cicerone
1093 1195 1254 1281 legimus,
1284 1199 1327 1263 de
1350 1199 1511 1266 Caesaris

290 1297 444 1364 oratione
465 1301 722 1380 ceterorumque
752 1289 932 1360 sententiis
958 1295 1125 1383 exposuit,
1147 1297 1323 1362 nonnullis
1347 1321 1388 1364 ex
1410 1298 1511 1366 fonte

291 1397 409 1464 666616
440 1417 507 1480 (166
536 1395 679 1461 adiectis
708 1395 751 1460 16
771 1395 955 1460 iuvenibus
985 1393 1028 1460 ab
1058 1396 1133 1483 ipso
1155 1397 1296 1464 consule
1326 1403 1513 1485 quominus

289 1499 327 1571 in
348 1498 446 1562 illurn
475 1519 493 1561 6
522 1501 644 1561 666616
672 1495 905 1582 egredientem
932 1497 1103 1562 irruerent
1124 1498 1318 1585 prohibitis,
1343 1500 1409 1566 hoc
1432 1504 1512 1586 qui·

288 1602 366 1666 dem
395 1621 416 1663 a
445 1598 609 1664 Cicerone
637 1599 675 1664 in
705 1598 794 1664 libro
827 1597 870 1664 de
901 1597 1083 1664 consulatu
1119 1599 1307 1686 composito
1343 1602 1510 1668 omissum
1573 1609 1574 1620 ‘

289 1723 363 1768 6666
385 1700 537 1766 miretur
579 1699 626 1764 Et
646 1698 839 1788 profecto!
850 1697 942 1763 idem
956 1698 1193 1764 Plutarchus
1183 1721 1220 1763 16
1241 1700 1315 1765 vita
1329 1701 1507 1768 Ciceronis

287 1803 390 1868 huius
418 1801 469 1866 rei
498 1821 638 1890 prorsus
673 1799 802 1865 nullam
835 1799 917 1865 fecit
948 1800 1174 1911 mentionem,
1206 1801 1368 1886 quoniam
1401 1805 1506 1868 unius

288 1903 461 1968 Ciceronis
490 1901 730 1968 auctoritatem
759 1901 934 1987 amplexus
955 1907 1023 1983 661,
1035 1873 1114 1986 qui
1136 1901 1224 1966 hanc
1246 1901 1383 1968 silentio
1405 1927 1505 1992 prae-

290 2004 394 2072 teriit.

370 2138 436 2202 His
458 2137 566 2223 igitur
587 2134 750 2223 expositis
773 2134 857 2200 66116
879 2135 1128 2200 demonstrasse
1143 2136 1263 2202 videor
1277 2135 1504 2204 Plutarchum

285 2262 400 2305 rerum
429 2259 449 2304 a
477 2238 642 2302 Cicerone
671 2236 809 2301 consule
845 2241 1020 2322 gestarum
1056 2237 1321 2324 descriptionem
1357 2260 1400 2303 ex
1430 2240 1506 2327 ipso

287 2339 461 2405 Ciceronis
483 2337 725 2404 commentario
747 2337 790 2402 de
812 2337 992 2403 consulatu
1014 2338 1141 2425 scripto
1164 2339 1327 2404 hausisse.

372 2473 441 2539 Sed
477 2473 622 2538 forsitan
660 2473 829 2560 quispiam
862 2471 989 2537 dixerit
1021 2474 1124 2538 etiam
1156 2473 1231 2538 fieri
1263 2475 1434 2561 potuisse,
1468 2482 1507 2540 ut

286 2575 492 2639 Plutarchus
513 2573 602 2639 hanc
624 2595 695 2638 rem
723 2594 793 2638 non
823 2595 865 2637 ex
890 2572 965 2658 ipsc
988 2572 1160 2656 Cicerone,
1184 2573 1307 2638 sodex
1331 2574 1397 2640 alio
1421 2598 1507 2660 quo-

287 2677 375 2759 dam,
398 2677 457 2761 qui
480 2681 513 2740 et
533 2676 607 2762 ipse
629 2675 726 2740 illum
754 2673 880 2739 librum
909 2673 1105 2761 exscripsit,
1136 2674 1337 2740 desumeret.
1388 2677 1506 2760 Atque

289 2777 355 2843 hoo
377 2776 450 2841 loco
471 2776 616 2840 maxime
644 2776 834 2862 cogitemus
855 2795 994 2840 necesse
1024 2781 1076 2839 est
1099 2774 1141 2840 de
1162 2776 1208 2839 M.
1231 2775 1345 2841 Tullio
1368 2775 1506 2860 Tirone,

285 2879 410 2943 liberto
439 2876 611 2942 Ciceronis
639 2875 849 2958 fidelissimo,
879 2875 938 2960 qui
970 2895 1048 2939 cum
1075 2874 1213 2962 patroni
1241 2877 1369 2941 mortui
1399 2877 1507 2942 vitam

278 2969 366 3044 ¹oum
388 2977 568 3064 diligentia
597 2998 636 3043 ac
664 2978 793 3064 pietate
816 2975 1055 3058 conscriberet,
1078 2976 1186 3063 ipsius
1210 2976 1384 3043 Ciceronis
1406 2977 1504 3042 libris

286 3081 330 3146 16
361 3081 479 3145 eadem
512 3102 549 3144 re
578 3079 773 3167 compositis
806 3098 889 3143 usus
926 3099 1000 3142 esse
1030 3077 1275 3143 existimandus
1304 3084 1367 3146 661.
1423 3079 1505 3143 Η66

287 3184 434 3264 accedit,
471 3183 562 3268 quod
592 3183 752 3268 quoniam
787 3180 969 3269 plurimam
997 3178 1222 3244 Plutarcheae
1249 3179 1342 3244 vitae
1371 3186 1505 3266 partem

286 3309 327 3352 ex
359 3285 484 3350 Tirone
524 3306 597 3349 esse
635 3283 779 3369 petitam
810 3282 901 3346 inter
932 3302 1048 3346 omnes
1081 3284 1230 3361 constat,
1268 3279 1393 3345 mirum
1428 3302 1504 3346 6666

286 3387 425 3452 videtur
453 3384 675 3449 Plutarchum
710 3383 774 3448 hac
808 3381 846 3446 16
881 3402 918 3446 16
947 3380 1051 3446 alium
1085 3385 1187 3466 atque
1216 3380 1253 3443 16
1282 3380 1404 3446 6616116
1436 3381 1504 3446 sibi

286 3488 430 3574 elegisse
452 3487 583 3552 ducem.
627 3484 695 3550 Sed
715 3481 824 3548 multa
845 3481 993 3564 obstant,
1015 3480 1196 3566 quominus
1216 3480 1283 3568 hoc
1299 3485 1502 3549 statuamus.

285 3589 405 3673 Neque
434 3587 525 3652 enim
553 3585 625 3650 ulla
653 3605 756 3650 causa
784 3588 845 3666 661,
876 3604 937 3648 cur
964 3582 1001 3646 in
1022 3580 1082 3645 illa
1103 3580 1176 3646 vita
1197 3579 1357 3645 Tironem
1378 3603 1399 3645 a
1419 3582 1503 3646 Plu-

286 3689 405 3755 tarcho
427 3688 479 3753 bis
499 3687 685 3769 laudatum,
707 3685 820 3774 ipsum
842 3705 924 3750 vero
945 3683 1144 3748 Ciceronem
1164 3701 1235 3746 non
1256 3703 1331 3748 esse
1353 3703 1502 3748 comme-

285 3796 454 3856 moratum
482 3788 659 3870 miremur,
690 3787 816 3876 quippe
845 3806 947 3872 quem
974 3783 1119 3848 sciamus
1146 3781 1370 3868 principalem
1400 3805 1502 3849 suum

287 3897 460 3958 auctorem
492 3910 735 3976 saepenumero
763 3908 833 3952 non
863 3885 1023 3952 citavisse
1051 3888 1190 3964 testem,
1223 3882 1291 3946 nisi
1324 3883 1504 3950 occasione

286 3993 402 4060 oblata
428 3991 458 4056 si
480 4011 558 4056 eum
580 3989 745 4054 erravisse
768 3987 1016 4054 demonstraret
1045 3981 1118 4066 (cfr.
1141 4005 1173 4070 p.
1188 3983 1252 4065 22.)
1295 3983 1372 4048 Η66
1392 3983 1502 4070 igitur

286 4117 363 4160 cum
384 4090 548 4158 momenti
569 4089 615 4154 sit
635 4088 773 4171 nullius,
795 4087 832 4152 id
852 4086 1068 4174 potissimum
1089 4083 1126 4148 in
1148 4083 1302 4151 fontibus
1321 4082 1501 4150 Plutarchi

362 4406 399 4468 ῃ)
423 4399 473 4455 cfr.
492 4400 576 4454 etiem
594 4395 846 4452 Weizracckcr.
873 4393 890 4447 l.
910 4407 933 4447 ο.
949 4409 974 4460 p.
993 4391 1050 4447 421.
