3198 4980
865 279 905 346 12

779 366 988 382 b—-ae—-u

268 487 388 573 fuerit,
421 488 478 556 vel
508 511 549 554 ex
578 486 743 554 orationis
774 488 811 554 H
845 488 887 555 de
915 489 992 576 lege
1025 489 1159 577 agraria
1192 487 1329 557 habitae
1365 491 1492 576 §vm

268 592 498 677 intellegitur:
522 591 607 678 ‚Ego
630 591 764 676 qualem
788 592 864 656 Kal.
882 593 1051 658 Ianuariis
1075 593 1262 680 acceperim
1284 617 1356 660 rem
1377 597 1490 682 publi-

269 717 351 778 cam,
375 694 534 777 Quirites,
550 693 731 777 intellego:
759 692 895 777 plenam
917 693 1169 777 sollicitudinis
1191 694 1327 781 plenam
1342 697 1489 780 timoris3

268 797 306 861 in
328 819 396 882 qua
417 795 504 860 nihil
526 800 600 860 erat
619 794 710 876 mali,
733 794 822 858 nihil
838 794 983 877 adversi,
999 797 1090 879 quod
1104 819 1175 861 non
1190 796 1270 860 boni
1285 804 1487 883 metuerent,

269 897 417 985 improbi
446 902 698 984 exspectarent:
729 897 843 960 omnia
871 897 1070 963 turbulenta
1092 899 1235 963 consilia
1258 901 1376 966 contra
1397 902 1490 966 hunc

191 989 203 1002 ⁴
266 999 317 1063 rei
351 999 508 1086 publicae
541 1003 669 1063 statum
699 1003 733 1061 et
768 1004 886 1062 contra
914 1004 1067 1064 vestrum
1103 1000 1211 1064 otium
1241 1001 1365 1086 partim
1398 1002 1489 1086 iniri,

267 1101 394 1187 partim
415 1100 515 1165 nobis
539 1098 736 1163 consulibus
760 1098 949 1183 designatis
970 1099 1057 1164 inita
1080 1123 1153 1164 esse
1169 1100 1386 1185 dicebantur;
1410 1105 1490 1168 sub-

270 1201 341 1267 lata
363 1207 436 1267 erat
458 1202 501 1266 de
522 1201 596 1265 foro
618 1199 719 1281 fides,
743 1221 812 1264 non
835 1200 906 1264 ictu
929 1201 1042 1285 aliquo
1064 1223 1174 1266 novae
1197 1202 1408 1287 calamitatis⁷
1431 1207 1491 1270 sed

231 1379 234 1385 Ι
269 1303 463 1389 suspicione
485 1324 524 1366 ac
546 1301 844 1388 *[perturbalicne
865 1302 1083 1386 iudiciorum,
1112 1303 1354 1384 informatione
1375 1329 1490 1372 rerum

266 1405 504 1489 iudicatarum]
532 1425 641 1468 novae
664 1403 929 1486 dominationes,
954 1405 1222 1471 extraordinaria
1243 1429 1314 1471 non
1335 1407 1488 1494 imperia,

267 1506 328 1572 sed
356 1527 464 1590 regna
494 1503 611 1589 quaeri
639 1503 875 1591 putabantur‘.
921 1507 977 1570 Ac.
1002 1528 1046 1570 116
1069 1513 1219 1571 extrema
1249 1508 1386 1591 quidem
1408 1510 1490 1574 Plu-

266 1607 397 1672 tarchei
420 1630 446 1672 c.
469 1607 506 1670 X
527 1606 634 1671 verba
655 1627 676 1670 1
697 1605 862 1670 Cicerone
885 1606 1085 1691 abhorrent,
1116 1609 1175 1693 qui
1197 1609 1234 1673 in
1255 1607 1380 1673 litteris
1404 1632 1432 1674 a.
1457 1600 1510 1677 ds

266 1709 322 1774 XI
342 1709 421 1776 Kal.
443 1707 649 1773 Februarias
671 1706 753 1771 anni
773 1707 840 1770 LX
862 1707 961 1790 datie,
984 1709 1006 1773 i.
1024 1731 1051 1773 e.
1076 1732 1114 1774 eo
1137 1711 1212 1796 ipso
1234 1715 1396 1797 tempore,
1420 1737 1488 1798 quo

266 1810 547 1876 commentarium
576 1810 746 1875 Graecum
782 1812 988 1898 composuit,
1026 1812 1069 1877 ad
1104 1813 1260 1878 Atticum
1295 1816 1340 1898 (1,
1370 1816 1426 1899 18,
1457 1819 1489 1901 2)

267 1911 419 1999 scripsit:
449 1911 546 1994 ‚Nam
569 1916 608 1975 ut
630 1933 670 1976 61
689 1911 851 1994 breviter,
875 1934 962 1996 quae
983 1918 1062 1999 post
1083 1920 1181 1978 tuum
1203 1915 1390 1982 discessum
1413 1926 1491 1984 acta

268 2017 359 2096 sunt,
382 2013 550 2098 colligam,
573 2012 642 2077 iam
658 2012 825 2078 exclames
847 2035 987 2078 necesse
1010 2020 1071 2097 est,
1094 2037 1147 2079 res
1163 2018 1335 2090 Romanas
1359 2019 1490 2084 diutius

267 2121 357 2181 stare
379 2137 449 2180 non
470 2117 595 2202 posse‘.
633 2152 673 2161 —
712 2114 903 2196 ‚Adductus
933 2137 1008 2180 sum
1037 2138 1097 2203 spe
1127 2117 1177 2182 rei
1206 2119 1363 2206 publicae
1386 2123 1490 2186 corri-

265 2217 398 2303 gendae
420 2221 455 2282 et
476 2216 649 2282 sanandae
671 2215 842 2280 civitatis‘.
894 2217 968 2294 Quo
997 2217 1071 2282 loco
1095 2219 1212 2284 Cicero
1236 2221 1354 2285 eadem
1376 2227 1488 2287 trans-

265 2317 394 2382 latione
426 2338 508 2381 usus
542 2321 644 2400 atque
680 2315 886 2382 Plutarchus
919 2340 991 2382 rem
1030 2319 1203 2405 publicam
1237 2323 1333 2405 quasi
1369 2325 1489 2388 morbo

266 2419 425 2486 affectam
446 2418 616 2484 medicina
638 2417 826 2483 sanandam
849 2441 923 2484 esse
946 2419 1039 2484 dicit.

350 2549 465 2632 Atque
494 2569 520 2610 c.
550 2545 601 2610 Xl
628 2545 719 2610 redit
747 2545 952 2609 Plutarchus
982 2568 1039 2628 ec,
1071 2547 1162 2612 unde
1195 2547 1369 2631 digressus
1398 2557 1488 2614 erat:

267 2649 424 2716 Ciceroni
445 2650 545 2732 enim,
569 2648 649 2732 quia
666 2647 822 2734 plerique
844 2647 926 2711 boni
943 2647 1127 2713 Catilinam
1142 2649 1353 2714 consulatam
1369 2657 1488 2738 petere

265 2757 301 2818 at
321 2772 527 2837 magnopere
556 2771 692 2836 sperare
719 2771 755 2812 se
777 2749 968 2812 Antonium
989 2749 1187 2814 habiturum
1216 2772 1289 2814 esse
1319 2752 1486 2837 collegam

265 2856 541 2942 praesenserant,
572 2873 650 2916 cum
679 2851 860 2937 optimates
890 2856 964 2915 tum
985 2851 1242 2915 multitudinem
1265 2853 1488 2938 suffragatam

266 2979 340 3021 esse
362 2954 407 3020 ad
428 2954 651 3019 consulatum.
702 2952 822 3036 Neque
851 2952 994 3016 dubium
1024 2959 1091 3035 est,
1126 2954 1209 3037 quin
1237 2954 1321 3018 haec
1352 2977 1489 3042 quoque

267 3081 309 3126 ex
336 3057 444 3144 ipsius
475 3053 648 3119 Ciceronis
676 3052 765 3117 libro
787 3053 993 3117 Plutarchus
1017 3054 1272 3141 deprompserit.
1310 3058 1406 3121 vNam
1428 3059 1488 3123 ille

266 3164 358 3228 certe
380 3155 515 3222 silentio
535 3179 606 3220 non
627 3155 765 3220 transiit
779 3154 912 3219 nobiles
934 3155 1033 3219 initio
1051 3156 1188 3240 quidem
1202 3157 1310 3242 ipsius
1325 3160 1489 3244 petitioni

265 3260 440 3341 invidisse,
464 3259 590 3345 quippe
616 3257 674 3342 qui
696 3257 797 3320 homo
820 3277 930 3320 novus
964 3261 1052 3321 esset
1083 3263 1116 3320 et
1145 3258 1285 3344 insuper
1313 3263 1489 3344 usquead

266 3362 354 3430 illud
396 3367 530 3446 tempus
571 3359 614 3424 111
657 3358 776 3444 populi
816 3379 951 3422 causam
968 3421 970 3424 ,
989 3358 1238 3424 defendendam
1276 3362 1488 3448 Pompeique

264 3464 409 3550 gloriam
431 3460 624 3546 augendam
647 3482 746 3524 omne
769 3458 920 3524 studium
936 3459 1145 3542 contulisset,
1170 3461 1229 3524 sed
1256 3483 1332 3526 cum
1357 3486 1489 3530 summa

265 3563 418 3651 pericula
445 3563 494 3627 rei
531 3561 690 3649 publicae
727 3560 904 3624 imminere
936 3561 1148 3643 viderentur,
1182 3561 1294 3647 ipsum
1326 3586 1435 3630 unum
1470 3591 1488 3632 e

267 3663 546 3751 competitoribus
568 3661 793 3727 fortissimum
815 3661 1123 3745 dignissimumque
1146 3662 1402 3747 existimavisse,
1427 3669 1486 3750 qui

266 3767 420 3832 homines
436 3763 703 3850 improbissimos
719 3767 890 3827 coerceret
910 3768 944 3826 et
958 3767 1090 3849 pestem
1105 3763 1147 3826 de
1162 3763 1274 3848 patria
1289 3763 1485 3849 depelleret.

265 3869 340 3933 Hac
362 3867 469 3952 igitur
490 3854 767 3947 ratione'effecit
790 3870 829 3929 ut
845 3864 936 3948 quod
950 3865 1059 3950 primo
1076 3864 1199 3928 obtutu
1221 3864 1334 3928 minus
1356 3864 1485 3948 glorio-

175 4007 177 4011 ·
266 3992 341 4035 sum
363 3966 554 4049 videbatur,
584 3987 654 4030 non
675 3966 775 4031 modo
802 3966 889 4030 nihil
911 3965 1145 4052 turpitudinis,
1170 3967 1230 4030 sed
1253 3966 1356 4029 etiam
1376 3965 1488 4051 pluri-

264 4091 356 4135 mum
388 4067 499 4132 laudis
533 4073 567 4132 et
599 4067 779 4152 dignitatis
811 4067 962 4131 haberet,
1016 4067 1132 4150 Atque
1172 4090 1273 4151 quam
1315 4088 1415 4152 saepe
1451 4077 1488 4134 et

265 4169 446 4256 magnifice
468 4169 585 4233 Cicero
612 4168 654 4232 de
684 4191 720 4232 se
742 4168 992 4255 praedicaverit
1025 4167 1067 4231 ab
1099 4168 1258 4232 universo
1289 4167 1415 4253 populo
1449 4192 1487 4233 se

265 4295 339 4338 esse
362 4271 535 4337 consulem
557 4276 722 4352 creatum,
744 4270 812 4334 iam
835 4291 937 4355 supra
959 4269 1281 4351 demonstravimns3
1303 4274 1420 4352 restat,
1444 4278 1486 4336 ut

265 4373 430 4440 nonnulla
456 4374 532 4438 loca
554 4370 750 4454 afferamus,
774 4368 897 4455 quibus
927 4371 999 4456 ipse
1021 4375 1168 4435 testatur
1199 4391 1234 4434 se
1262 4369 1372 4434 solum
1395 4393 1487 4437 com-

265 4475 451 4564 petitorum
472 4473 643 4542 hominem
658 4492 787 4539 novum
809 4471 959 4558 equestri
979 4471 1054 4538 1666
1077 4475 1196 4538 natum
1221 4493 1387 4542 summam
1411 4495 1487 4541 esse
