3198 4980
912 250 953 354 is

324 478 480 556 existimo
502 489 700 556 Ciceronem
727 489 777 579 1114
794 491 946 556 oratione
973 512 1035 579 pro
1051 489 1169 557 ¹Sestio
1191 492 1310 558 habita
1339 493 1371 574 (g
1392 486 1415 554 8
1436 488 1533 576 sqq.)

324 611 392 675 quo
405 590 538 658 facilius
549 591 652 657 huius
664 591 786 657 merita
801 591 838 656 in
852 593 997 679 patriam
1013 591 1310 678 cognoscerentur,
1326 593 1369 658 de
1380 591 1543 656 Antonio

320 693 433 758 minus
462 692 626 759 benevole
648 693 827 758 iudicasse.
870 693 1026 778 Namque
1056 694 1094 758 in
1122 694 1363 759 commentario
1393 713 1544 780 prorsus

322 793 421 858 aliter
442 794 638 882 exposuisse
666 817 744 860 eum
771 793 808 858 in
829 799 990 881 promptu
1012 797 1079 876 est,
1109 793 1169 859 ubi
1199 793 1293 858 illam
1314 793 1495 859 victoriam
1523 813 1545 856 a

323 896 530 964 Catilinariis
558 903 766 985 reportabam
795 902 854 962 aut
882 897 1035 962 omisisse
1064 901 1124 961 aut
1150 896 1303 962 breviter
1331 894 1543 960 tractavisse

324 997 476 1082 videtur,
498 998 643 1066 fortasse
664 999 701 1064 in
723 1019 800 1064 eum
821 998 976 1082 modum,
999 1019 1100 1082 quem
1114 997 1308 1063 invenimus
1330 995 1367 1060 in
1382 996 1544 1062 oratione

321 1118 383 1185 pro
404 1098 528 1167 Flacco
549 1099 667 1166 habita
688 1103 720 1184 (ξ
742 1101 790 1182 511
821 1096 1085 1182 ,Condemnatus
1114 1103 1167 1163 est
1194 1099 1241 1181 is,
1272 1096 1330 1183 qui
1352 1095 1542 1162 Catilinam

322 1191 422 1284 signa
441 1200 572 1286 patriae
593 1199 797 1266 inferentem
817 1199 1000 1265 interemit‘
1023 1199 1097 1286 (cfr.
1119 1219 1181 1287 pro
1195 1187 1282 1264 Mur.
1297 1198 1362 1283 84).
1401 1198 1541 1263 Deinde

328 1300 384 1366 vel
420 1300 517 1384 inde,
560 1301 651 1387 quod
686 1300 892 1366 Plutarchus
922 1300 1089 1366 Catilinae
1129 1300 1306 1366 interitum
1337 1298 1544 1366 brevissime

322 1401 452 1487 attigit,
474 1401 517 1466 ab
540 1423 580 1466 eo
595 1401 787 1468 adhibitum
810 1423 884 1466 esse
903 1401 1101 1467 Ciceronem
1118 1400 1238 1485 elucet,
1261 1420 1361 1486 quem
1377 1400 1543 1487 copiosis-

324 1503 408 1573 sime
429 1506 465 1567 et
485 1501 737 1568 accuratissime
759 1496 994 1588 descripsisse,
1025 1522 1111 1587 quae
1133 1501 1206 1588 ipse
1227 1505 1396 1587 gesserat,
1417 1503 1540 1587 paucis

321 1599 508 1670 absolvisse
537 1603 680 1669 aliorum
707 1625 761 1668 res
783 1603 1000 1690 perspicuum
1029 1609 1090 1669 est.
1141 1603 1298 1689 Denique
1319 1603 1538 1688 Plutarchus,

322 1706 403 1791 quia
424 1706 456 1772 ei
476 1706 569 1790 loco,
590 1706 650 1772 ubi
671 1706 714 1771 de
734 1706 936 1772 Macedonia
950 1707 1103 1773 Antonio
1125 1725 1286 1770 concessa
1308 1705 1476 1792 exposuit,
1499 1705 1538 1769 id

324 1807 417 1892 quod
444 1807 552 1874 multo
578 1813 657 1895 post
685 1808 813 1873 factum
842 1829 915 1873 esse
935 1809 1095 1874 novimus
1118 1807 1264 1880 Galliam
1285 1807 1494 1894 provinciam
1518 1829 1540 1871 a

324 1907 487 1974 Cicerone
507 1909 545 1974 in
560 1909 719 1975 contione
734 1909 922 1996 depositam
944 1931 1034 1992 esse,
1057 1908 1237 1992 adnexuit,
1260 1907 1378 1973 eadem
1400 1907 1461 1972 has
1480 1927 1535 1970 res

329 2009 531 2076 conectendi
558 2011 691 2077 16110116
723 2033 791 2102 qua
819 2010 937 2076 Cicero
965 2010 1040 2097 ipse
1067 2030 1149 2075 usus
1179 2015 1239 2075 est.
1296 2009 1392 2073 Haec
1420 2006 1535 2094 igitur,

326 2109 486 2199 queniam
523 2131 600 2176 cum
636 2112 800 2178 Cicerone
837 2110 1070 2194 consentiunt,
1108 2132 1149 2176 ex
1185 2108 1258 2174 eius
1295 2108 1537 2176 commentario

324 2211 454 2280 Graeco
477 2217 614 2299 sumpta
635 2233 708 2277 esse
728 2212 802 2277 iure
824 2233 863 2277 ac
884 2212 1006 2278 merito
1029 2210 1232 2277 concludere
1252 2209 1380 2276 licebit.

407 2311 477 2378 Sed
504 2313 702 2400 priusquam
731 2320 833 2401 caput
860 2313 970 2397 XIV,
997 2312 1057 2379 ubi
1085 2310 1290 2378 Plutarchus
1316 2313 1427 2399 ipram
1457 2331 1537 2377 con·

323 2412 529 2480 iurationem
564 2434 703 2480 narrare
736 2415 862 2502 coepit,
902 2419 1103 2496 tractamus,
1143 2413 1295 2479 breviter
1325 2413 1538 2497 inquiramus

325 2520 476 2602 oportet,
498 2536 582 2582 num
603 2537 645 2582 ex
666 2516 708 2581 iis
723 2515 825 2582 rebus
848 2515 1046 2581 aCicerone
1061 2535 1150 2581 anno
1165 2515 1286 2581 LXIII
1307 2514 1426 2599 gestis,
1450 2534 1538 2598 quae

323 2615 382 2682 1116
417 2616 546 2700 omisit,
581 2616 712 2703 aliquid
749 2617 840 2682 effici
870 2612 989 2705 possit.
1053 2616 1238 2702 Agendum
1266 2619 1318 2681 est
1349 2615 1460 2701 igitur
1495 2615 1539 2680 de

325 2716 461 2786 Rabirii
488 2738 590 2784 causa
619 2719 717 2784 61116
738 2717 815 2804 lege
836 2717 949 2783 Tullia
976 2717 1019 2782 de
1041 2716 1171 2783 ambitu
1196 2717 1275 2783 1616.
1318 2719 1370 2780 Ao
1391 2716 1538 2802 primum

328 2818 467 2904 quidem
489 2819 686 2885 Ciceronem
720 2820 757 2885 in
786 2819 1026 2885 commentario
1055 2839 1117 2884 suo
1146 2818 1281 2884 Rabirii
1306 2817 1536 2889 defensionem

327 2921 647 2990 commemoravisse
668 2943 738 2987 non
752 2944 860 3008 nego,
883 2921 943 2986 sed
963 2942 1047 2986 num
1069 2942 1143 2986 eam
1165 2919 1318 2985 ornatius
1332 2919 1549 3001 uberiusque.

325 3021 557 3111 descripserit,
599 3021 699 3088 valde
727 3021 864 3106 dubito,
906 3022 986 3108 quia
1018 3021 1157 3086 minime
1191 3019 1299 3107 ipsius
1334 3017 1533 3103 eloquentia,

326 3129 493 3209 quantum
507 3122 646 3205 scimus,
668 3120 787 3187 1111116-
805 3121 1011 3207 elaberetur,
1026 3122 1193 3188 ‘effectum
1208 3126 1268 3186 est.
1303 3123 1438 3187 Certum
1451 3137 1533 3184 1610

328 3229 381 3289 661
409 3224 451 3289 ab
482 3223 644 3290 Cicerone
674 3227 735 3288 aut
766 3222 897 3288 nullam
929 3228 989 3289 aut
1021 3223 1255 3288 brevissimam
1286 3221 1372 3308 legis
1404 3218 1535 3284 Pulliae

327 3325 535 3392 mentionem
560 3325 598 3389 in
620 3324 862 3390 commentario
885 3325 1015 3389 Graeco
1041 3323 1167 3389 factam
1193 3345 1282 3407 esse,
1315 3322 1439 3408 quippe
1459 3339 1536 3384 cum

328 3425 529 3492 Mureniana
544 3445 646 3492 causa
660 3431 817 3512 suscepta
830 3425 926 3509 illud,
949 3425 1154 3510 quodmodo
1176 3426 1253 3512 lege
1274 3428 1443 3506 sanxerat,
1463 3421 1537 3508 ipse

326 3528 470 3604 violarit
491 3527 690 3613 evertitque.
736 3527 857 3614 Itaque
878 3527 934 3593 vel
955 3527 1035 3594 inde
1057 3533 1198 3616 apparet
1212 3527 1411 3593 Ciceronem
1430 3523 1536 3588 fuisse

328 3629 504 3696 Plutarchi
524 3629 671 3712 fontem,
701 3628 862 3714 quoniam
884 3650 969 3714 quae
990 3628 1048 3694 ille
1070 3633 1130 3693 aut
1151 3626 1302 3692 omisisse
1324 3623 1536 3690 601116116-

330 3731 415 3796 sime
435 3730 674 3822 perstrinxisse
694 3729 849 3813 videtur,
871 3729 928 3794 hic
950 3729 1085 3796 silentio
1106 3727 1252 3794 transiit.

412 3832 486 3897 Iam
524 3832 568 3898 ad
603 3832 712 3918 ipsam
752 3828 1020 3900 coniurationem
1052 3828 1285 3896 Catilinariam
1319 3843 1536 3914 properemus

329 3931 414 4020 (cap.
437 3931 524 3998 XIV
546 3953 618 4018 sqq.
649 3932 860 4019 expositam).
904 3933 1019 4017 Atque
1040 3930 1263 3996 Plutarchum
1293 3949 1395 4016 supra
1425 3931 1536 3992 osten·

327 4033 439 4100 dimus
459 4055 514 4098 res
536 4054 557 4097 a
578 4033 741 4098 Cicerone
766 4033 803 4097 in
825 4032 1004 4098 consulatu
1032 4036 1147 4117 gestas
1168 4030 1260 4096 inter
1288 4029 1395 4096 scita
1416 4026 1536 4093 cohae-

326 4140 441 4200 rentes
467 4133 604 4216 fecisse,
637 4137 677 4198 ut
708 4153 780 4217 eas,
815 4133 857 4198 de
886 4132 1010 4219 quibus
1039 4132 1107 4197 iam
1129 4131 1365 4216 disseruimus,
1397 4127 1537 4194 minoris

328 4235 491 4302 momenti
514 4240 686 4321 tamquam
706 4233 850 4322 parvula
869 4233 1000 4321 proelia
1022 4233 1247 4318 existimaret,
1270 4229 1536 4299 coniurationem

328 4355 409 4402 vero
426 4335 660 4401 Catilinariam
675 4335 842 4401 detectam
864 4340 966 4421 atque
982 4356 1176 4422 oppressam
1191 4334 1342 4400 omnium
1354 4332 1535 4398 maximum

330 4443 500 4508 certamen
531 4436 746 4506 describeret.
791 4433 899 4522 Atqui
926 4434 963 4502 in
990 4433 1059 4502 illis
1095 4433 1291 4502 enarrandis
1318 4432 1535 4500 Plutarchum
