3198 4980
656 259 696 322 41

579 350 780 358 -—.-——--——

155 473 207 536 De
230 470 290 552 sis,
314 489 400 552 quae
429 466 590 551 deinceps
620 463 885 556 subsequuntur,
911 459 1050 524 brevius
1073 458 1293 541 disseramus,

72 593 152 638 cum
173 591 281 658 paene
302 568 414 632 nullas
435 565 586 630 habeant
607 562 837 627 difficultates.

157 709 273 789 Atque
305 703 452 790 primum
488 698 625 784 quidem
656 701 758 784 caput
793 695 902 760 XXII
938 701 1049 760 toturn
1085 693 1291 758 affinitatem

72 829 177 893 quam
199 803 404 870 artissimam
433 823 510 865 cum
532 800 696 864 Cicerone
725 820 806 885 prae
836 819 872 862 se
894 797 983 862 ferre
1005 801 1040 861 et
1061 794 1294 860 minutissima

71 930 188 972 rerum
224 904 332 970 Nonis
367 901 544 967 Decembr.
581 899 754 987 praeclare
790 903 964 984 gestarum
999 896 1227 983 descriptione
1257 899 1292 958 et

72 1029 243 1073 consensu
259 1027 335 1070 cum
357 1003 560 1089 quibusdam
583 1001 667 1066 locis
690 998 922 1065 Ciceronianis
943 997 1055 1062 adhuc
1077 995 1291 1062 exstantibus

71 1108 222 1176 mirabili
244 1107 479 1188 confirmatur,
510 1095 657 1188 donique
685 1102 815 1186 insigni
845 1099 1070 1164 similitudino
1098 1120 1176 1164 oum
1197 1117 1294 1162 more

72 1210 243 1294 modoque
265 1208 456 1290 Ciceronis,
487 1227 554 1290 quo
586 1205 661 1292 ipse
690 1204 727 1268 in
757 1225 819 1268 sua
846 1203 974 1266 virtute
997 1198 1295 1292 commemoranda

72 1305 136 1374 uti
158 1308 257 1392 solet,
287 1315 326 1373 ut
348 1307 538 1373 Heerenius
568 1297 815 1392 (111186),
844 1304 945 1368 iniis
973 1324 1077 1387 ,quae
1106 1301 1149 1366 de
1177 1299 1292 1364 reditu
1381 1318 1384 1328 ¹

73 1413 148 1476 eius
170 1433 212 1475 ex
233 1409 307 1475 foro
330 1409 366 1473 in
389 1410 527 1473 domum
556 1407 755 1493 triumphali
784 1407 856 1471 fere
877 1427 1001 1492 pompa
1022 1404 1185 1490 legimus,
1214 1403 1290 1489 ipsa

72 1513 172 1578 nobis
197 1510 372 1576 Ciceronis
392 1508 497 1574 verba
519 1511 706 1594 superessc‘
730 1507 889 1572 1111111
911 1505 1105 1571 contendat.

158 1648 209 1710 Ac
238 1668 282 1710 ne
308 1645 439 1709 diutius
469 1644 590 1728 loquar
618 1642 661 1706 de
689 1663 727 1706 re
754 1642 837 1706 satis
864 1641 1059 1728 perspicua:
1090 1659 1291 1724 quaeramus

73 1771 158 1813 num
185 1745 454 1832 vestigia'illius
483 1744 592 1809 libelli
619 1746 656 1808 in
685 1743 952 1831 111111ΧΧΠ1
982 1741 1291 1829 deprehendantur.

74 1850 191 1913 Etiam
212 1848 276 1913 hoo
299 1847 417 1934 111111
439 1846 617 1911 absolvere
639 1867 830 1933 possumus.
879 1845 968 1910 Nem
989 1845 1137 1931 priorem
1158 1849 1293 1907 tantum

73 1949 178 2013 huius
201 1947 491 2035 11111111111111,
521 1947 581 2012 ubi
610 1969 677 2032 qua
698 1947 825 2012 iniuria
847 1945 965 2011 Cicero
989 1945 1148 2010 extremis
1171 1965 1293 2009 consu·

73 2050 165 2114 latus
187 2048 307 2114 diebus
323 2049 466 2114 affectus
489 2049 534 2114 sit
550 2055 736 2132 enarratur,
759 2050 796 2113 in
815 2048 904 2113 hanc
920 2048 1154 2134 quaestionem
1170 2045 1292 2110 cadere

74 2157 187 2237 patet,
218 2149 309 2235 quod
337 2151 435 2214 illum
470 2152 507 2216 in
535 2149 623 2215 libro
656 2149 698 2214 de
728 2149 908 2214 consulatu
938 2148 1063 2235 scripto
1093 2169 1147 2211 res
1177 2151 1293 2232 gestas

73 2258 257 2339 postquam
280 2273 316 2315 se
330 2251 536 2335 magistratu
552 2251 735 2333 abdicavit,
756 2251 912 2336 attigisse
926 2251 1064 2337 probari
1078 2272 1148 2315 non
1169 2254 1295 2335 potest,

78 2353 138 2417 sed
159 2353 263 2417 finem
285 2351 407 2416 fecisse
434 2373 536 2439 11111
558 2351 779 2434 ostendimus,
803 2373 880 2416 cum
903 2373 939 2416 11
960 2351 1090 2415 1111111
1111 2348 1295 2414 memoriae

74 2453 284 2540 prodidisset
310 2475 371 2518 sua
399 2453 501 2518 unius
525 2475 627 2540 opera
650 2475 722 2518 rem
750 2453 923 2540 publicam
945 2455 1135 2518 Romanam
1164 2451 1295 2516 salvam

79 2577 161 2620 esse.
207 2555 306 2632 Quod
331 2555 468 2640 quidem
489 2555 728 2620 iusiurandum
749 2555 954 2620 Plutarchus
976 2555 1026 2619 ita
1046 2553 1215 2635 narravit,
1244 2559 1294 2635 ut,

33 2716 36 2719 .
78 2657 107 2722 si
129 2655 171 2720 ab
195 2679 234 2720 eo
257 2655 463 2739 discesseris
487 2657 579 2742 quod
601 2680 642 2722 ex
664 2657 827 2744 proximis
850 2657 1004 2722 Caesaris
1026 2677 1151 2720 nomen
1173 2655 1294 2719 antici·

75 2757 174 2844 pavit
196 2764 297 2842 atque
326 2758 390 2822 hoo
411 2759 479 2822 'iam
505 2758 580 2824 loco
608 2782 685 2824 eum
714 2781 791 2824 cum
820 2759 967 2824 tribunis
998 2757 1043 2845 pl.
1071 2758 1293 2823 coniunctum

74 2856 183 2922 fuisse
198 2858 364 2943 exposuit,
386 2864 526 2944 propter
542 2881 743 2924 consensum
760 2859 863 2924 etiam
878 2861 1092 2945 singulorum
1110 2859 1294 2924 verborum

76 2979 155 3022 cum
186 2957 337 3023 eiusdem
367 2959 448 3024 facti
477 2952 674 3026 narratione
705 2960 927 3024 Ciceroniana
963 2959 1037 3046 (cfr.
1068 2959 1111 3023 ad
1140 2957 1218 3023 fam.
1250 2957 1304 3040 V,

76 3059 106 3141 2,
131 3059 167 3140 7;
191 3058 229 3122 in
249 3059 317 3127 Pis.
340 3061 372 3143 6)
402 3061 486 3144 quin
514 3060 604 3128 hano
632 3062 851 3148 praecipuam
872 3067 976 3145 atque
998 3061 1133 3124 unicam
1156 3059 1295 3133 secutus

78 3159 124 3223 sit
147 3159 396 3244 auctoritatem,
420 3161 570 3226 dubitari
592 3169 750 3250 nequeat.

166 3295 261 3370 Quae
282 3294 486 3360 Plutarchus
517 3319 558 3361 ex
581 3299 754 3364 Ciceronis
784 3298 1026 3364 commentario
1049 3298 1091 3362 de
1114 3297 1296 3362 consulatu

77 3397 208 3459 Graece
231 3396 357 3482 scripto
381 3403 504 3461 cuncta
531 3400 700 3483 recepisse
723 3407 757 3463 et
778 3400 815 3463 in
837 3421 937 3463 usum
959 3419 1059 3463 suum
1083 3398 1295 3462 convertisse

36 3525 37 3529 ¹
76 3519 155 3560 cum
176 3495 353 3583 hucusque
374 3498 574 3583 plerumque
605 3502 801 3566 coniectura
829 3500 1011 3565 admodum
1041 3498 1179 3584 quidem
1202 3505 1296 3563 certa

76 3598 227 3663 divinari
255 3599 406 3681 licuerit,
444 3599 581 3665 silentio
618 3603 765 3666 transire
799 3602 980 3687 nequimus
1009 3601 1147 3666 disertis
1179 3601 1294 3665 verbis

76 3700 191 3784 ipsum
212 3700 332 3762 testari
354 3722 390 3763 se
411 3721 481 3764 nen
502 3701 603 3766 modo
626 3702 709 3786 quid
725 3703 842 3768 Cicero
864 3703 902 3767 in
915 3703 975 3766 illo
997 3702 1085 3766 libro
1108 3702 1293 3788 scripserit,

77 3800 162 3882 quid
185 3799 338 3864 omiserit
359 3801 446 3865 bene
468 3803 680 3887 cognovisse,
704 3805 764 3868 sed
786 3804 889 3868 etiam
909 3803 1092 3890 praecipue
1106 3803 1171 3868 hoc
1194 3825 1296 3868 usum·

78 3921 162 3983 esse,
179 3899 239 3964 ubi
253 3900 297 3964 de
313 3901 512 3967 Catilinaria
534 3904 768 3971 coniuratione
783 3905 976 3990 exponendi
991 3905 1124 3970 occasio
1139 3905 1295 3970 dabatur.

76 4000 235 4084 Namque
264 4000 300 4064 in
329 4003 389 4067 vit.
423 4004 533 4069 Crass.
565 4025 635 4090 cap.
663 4005 770 4087 XIH,
805 4005 860 4068 de
876 4025 960 4089 quo*
984 4006 1058 4070 loco
1092 4028 1196 4093 supra
1227 4006 1296 4069 iam

76 4100 312 4184 disseruimus,
334 4103 540 4168 Plutarchus
559 4104 663 4169 alium
678 4105 808 4170 fontem
830 4101 967 4171 secutus
989 4108 1159 4192 quendam
1181 4107 1295 4171 crimi-

76 4209 199 4265 natum
221 4223 294 4266 esse
317 4205 476 4270 Crassum
505 4205 706 4291 participem
728 4206 973 4272 coniurationis
996 4208 1089 4292 dicit,
1116 4208 1176 4273 sed
1199 4209 1294 4274 Cice·

78 4323 199 4367 111111
220 4304 257 4366 in
285 4303 373 4369 libro
403 4305 445 4368 de
475 4305 654 4369 consulatu
684 4307 810 4393 scripto
838 4307 925 4371 nihil
954 4308 997 4374 de
1018 4309 1078 4373 illa
1100 4311 1294 4397 suspicione

77 4403 261 4468 memoriae
283 4405 483 4490 prodidisse,
506 4406 609 4470 immo
630 4429 712 4471 vero
729 4408 887 4472 Crassum
906 4409 1033 4474 indicia
1049 4412 1295 4477 coniurationis
