3198 4980
680 263 723 364 le

100 497 261 566 1010111111
275 497 400 564 debere
414 499 633 586 perspicuum
653 521 727 566 esse
741 503 827 569 mihi
847 503 994 590 videtur,
1017 505 1098 591 quia
1118 503 1319 575 antecedet²

105 598 198 664 tibus
220 599 391 664 artissime
413 599 545 664 adnexa
566 606 662 666 sunt:
693 601 747 668 his
777 604 867 669 euim
893 605 995 672 rebus
1018 607 1177 675 effectum
1198 616 1259 694 est,
1280 617 1321 676 ut

102 704 243 764 senatus
274 699 469 770 consultum
497 701 595 766 fieret
616 703 880 790 consulibusque
900 728 1031 773 summa
1045 711 1320 780 ,committeretur

99 805 263 886 potestas.
298 799 389 877 Quas
402 821 457 865 101
474 821 575 886 quam
590 808 746 868 accurate
757 803 961 874 Plutarchus
977 815 1112 876 servato
1126 817 1318 899 temporum
1416 859 1419 864 -

98 903 222 968 ordine
243 903 435 988 digesserit,
464 925 506 968 ex
527 904 652 990 Langii
673 905 762 972 libro
784 906 896 992 (Rem.
912 909 1059 978 Alterth.
1091 911 1155 995 m,
1177 911 1252 996 241)
1284 917 1320 976 et

99 1005 196 1069 lhnii
217 1004 500 1070 commentatione
530 1004 724 1092 (Verhandl.
753 1005 815 1072 der
841 1008 891 1073 26.
914 1009 1009 1076 Vers.
1041 1013 1102 1078 der
1128 1012 1252 1078 Philol.
1281 1014 1318 1078 in

102 1104 309 1191 thrz'burg.
332 1105 557 1192 1101111869,
578 1129 611 1194 p.
629 1106 689 1171 108
712 1110 797 1194 sqq.)
819 1112 1052 1198 cognovimus,
1075 1113 1135 1201 qui
1156 1112 1317 1179 0111111110

103 1211 177 1270 tem
199 1205 339 1291 dignum
366 1205 663 1292 existimaverunt,
690 1213 730 1272 ut
750 1211 788 1274 in
808 1209 862 1275 his
884 1212 986 1279 rebus
1009 1215 1205 1282 enarrandis
1227 1215 1317 1280 ordi·

103 1307 295 1393 mendisque
317 1306 390 1372 eius
413 1308 651 1373 anctoritatem
670 1317 902 1397 sequerentur.

184 1409 370 1496 Pergamus
391 1430 483 1476 nuuc
505 1410 549 1475 ad
571 1417 674 1498 caput
693 1412 790 1480 XVI.

186 1513 301 1598 Atque
333 1512 437 1577 huius
471 1512 583 1600 prima
610 1512 716 1580 verba
745 1515 1005 1584 similitudinem
1040 1537 1120 1586 cum
1155 1519 1318 1586 Cicerone

101 1633 185 1700 prae
207 1634 244 1677 se
264 1612 391 1698 ferunt,
412 1635 513 1699 quam
536 1636 603 1700 quo
631 1615 766 1682 facilius
789 1639 989 1706 cognoscas,
1011 1622 1190 1708 utriusque
1212 1623 1317 1711 scrip-

100 1715 187 1780 toris
209 1713 316 1780 verba
336 1714 491 1782 afferam:

234 1848 323 1914 Plut.
347 1872 374 1916 o.
392 1838 482 1918 'XVI
502 1852 549 1916 in.
848 1857 917 1923 Cic.
940 1859 983 1924 ad
1005 1859 1085 1928 fam.
1107 1857 1149 1946 V,
1171 1861 1201 1928 2.

160 1965 247 2035 Ἐπεὶ
275 1971 308 2036 δὲ
337 1967 462 2052 ταύτην
488 1967 599 2057 λαβὼν
622 1969 684 2057 τὴν
789 1975 879 2040 Mihi
897 1981 1010 2043 tecum
1032 1979 1082 2044 110
1095 1979 1314 2067 dispertitum

102 2068 256 2150 ἐξουσίαν
277 2067 458 2158 ὁΚικέρων
479 2069 603 2160 τὰμὲν
624 2076 683 2158 ἔξω
727 2075 881 2142 officium
902 2077 1009 2146 fuisse
1030 2081 1067 2146 in
1088 2081 1139 2147 rei
1159 2080 1317 2169 publicae
1335 2118 1338 2125 ·

99 2167 282 2258 πράγματα
297 2173 431 2259 Κοΐντῳ
449 2177 607 2262 Μετέλλῳ
623 2177 682 2244 διε·
727 2177 836 2244 101110
850 2183 1039 2268 retinenda,
1061 2190 1101 2250 ut
1116 2205 1180 2270 ego
1195 2185 1315 2250 urbem

97 2272 260 2351 πίστευσε,
281 2268 344 2355 τὴν
366 2275 400 2340 δὲ
421 2271 521 2344 πόλιν
543 2273 606 2362 εἶχε
628 2273 683 2346 διὰ
727 2300 747 2343 0
768 2279 964 2348 domesticis
986 2285 1121 2350 insidiis
1144 2291 1178 2351 01
1200 2286 1246 2352 ab
1264 2287 1316 2352 11-

92 2367 212 2458 χειρὸς.
726 2381 854 2448 tostino
880 2384 1026 2469 1001010,
1056 2391 1095 2452 11
1116 2386 1253 2454 Italiam
1282 2394 1317 2452 et

727 2481 770 2549 ab
792 2486 930 2551 01110111
951 2487 1109 2554 hostibus
1139 2495 1173 2554 et
1195 2490 1238 2555 ab
1260 2512 1315 2555 oc·

657 2623 663 2636 .
703 2551 706 2668 l
727 2584 820 2650 culta
842 2585 1077 2653 coniuratione
1099 2588 1311 2656 defenderes.

184 2687 302 2775 Neque
323 2712 460 2757 causam
488 2694 669 2783 habemus,
698 2723 760 2767 cur
788 2705 987 2774 Ciceronem
1014 2708 1052 2774 11
1073 2711 1316 2776 commentario

99 2809 163 2856 suo
189 2791 241 2876 id,
271 2793 362 2877 quod
391 2793 524 2860 dnobus
552 2799 650 2865 annis
679 2807 759 2868 ante
786 2805 830 2870 ad
857 2806 897 2884 Q.
925 2808 1110 2876 Caecilium
1138 2809 1315 2876 Metellum

99 2893 248 2958 amicum
263 2894 453 2983 scripserat,
477 2907 702 2968 commutasse
724 2927 930 2974 censeamus.
973 2911 1062 2976 Nam
1084 2933 1162 2978 oum
1175 2911 1315 2979 Metello

100 2994 205 3059 etiam
227 3016 316 3060 anno
338 2995 404 3061 LX
425 2996 657 3069 familiaritate
679 3009 899 3076 coniunctum
920 3011 1027 3078 firisse
1049 3035 1126 3080 eum
1149 3013 1315 3102 epistulae

96 3094 217 3160 eodem
238 3101 391 3184 tempore
413 3099 512 3166 datae
533 3108 754 3194 testantur).
797 3113 958 3179 Proxima
979 3136 1114 3202 qnoque
1134 3117 1312 3183 Plutarchi

97 3195 220 3280 verba,
251 3198 377 3286 quippe
405 3221 492 3286 quae
520 3225 598 3270 cum
619 3212 899 3280 antecedentibus
921 3215 1103 3282 coniuncta
1124 3223 1159 3282 et
1180 3239 1308 3285 conexa

100 3295 178 3380 sint,
202 3315 243 3361 ex
273 3299 392 3364 eodem
420 3300 508 3370 libro
531 3303 712 3376 fluxerunt.
762 3313 820 3380 An
839 3319 941 3402 putas
964 3316 1162 3384 Ciceronem
1183 3320 1226 3387 de
1246 3320 1312 3386 hac

101 3413 138 3457 re
158 3397 317 3482 tacuisse,
341 3401 420 3486 quia
440 3401 478 3468 in
499 3405 572 3470 eius
594 3411 763 3497 operibus,
786 3436 873 3501 quae
888 3423 1081 3505 supersunt,
1103 3419 1215 3486 locum
1229 3420 1310 3488 Plu-

101 3495 237 3562 tarcheo
257 3501 519 3586 respondentem
547 3528 617 3573 non
636 3509 795 3581 invenis?
825 3539 1029 3606 quamquam
1049 3521 1123 3609 ipse
1144 3543 1308 3611 saepenn⁴

99 3615 194 3660 mero
208 3599 380 3667 confessus
401 3611 453 3670 est
474 3628 511 3674 se
527 3631 659 3700 semper
680 3615 846 3685 delectam
867 3643 1005 3689 manum
1025 3625 1187 3712 praesidii
1208 3645 1310 3692 cansa

100 3697 228 3763 circum
248 3723 283 3766 se
304 3701 514 3798 habuisse³⁶).
776 3729 780 3735 '

111 3801 113 3805 '
186 3799 277 3878 Quae
292 3803 452 3907 deinceps
467 3820 657 3899 sequuntur
672 3819 782 3886 eidem
797 3826 928 3890 auctori
942 3826 1165 3896 Plutarchum
1186 3827 1310 3897 debere

94 3899 182 3964 mihi
209 3903 387 3989 probabile
417 3915 520 3997 atque
548 3913 633 3984 adeo
659 3939 779 3988 verum
800 3923 938 3994 videtur
959 3951 1042 4016 0110,
1065 3933 1200 4000 etiamsi
1219 3933 1309 4000 Dru·

169 4193 207 4262 ³⁴)
232 4195 282 4254 clr.
302 4198 338 4252 ad
354 4202 412 4258 Aet.
430 4204 453 4274 Ι,
471 4204 647 4280 19,401111.;
666 4207 708 4283 20,
726 4213 756 4284 53
774 4212 809 4286 11,
827 4213 852 4288 1,
870 4217 895 4276 4.
966 4253 973 4260 -

169 4300 207 4364 ¹⁰)
233 4300 282 4356 011.
302 4302 410 4376 (1013,
432 4307 463 4362 br
495 4313 563 4383 ,Ego
596 4333 630 4370 ex
657 4317 831 4387 praefectura
861 4323 978 4381 Reatina
1010 4331 1160 4402 compluris
1188 4333 1309 4392 delectos

234 4387 433 4466 011101001111,
455 4414 574 4467 quorum
596 4421 681 4473 opera
702 4411 766 4462 utor
783 4410 892 4468 assidue
915 4414 944 4470 in
962 4431 992 4469 10
1009 4433 1034 4486 p.
1054 4421 1081 4472 et
1098 4434 1124 4487 q.
1143 4435 1179 4490 s.;
1207 4421 1263 4480 Cat.
1282 4425 1307 4498 l,

231 4473 600 4557 Lmhmmffiffl
