<?xml version="1.0" encoding="UTF-8"?>
<!DOCTYPE html PUBLIC "-//W3C//DTD XHTML 1.0 Transitional//EN"
    "http://www.w3.org/TR/xhtml1/DTD/xhtml1-transitional.dtd">
<html xmlns="http://www.w3.org/1999/xhtml" xml:lang="en" lang="en">
 <head>
  <title>
</title>
<meta http-equiv="Content-Type" content="text/html;charset=utf-8" />
  <meta name='ocr-system' content='tesseract 3.04.00' />
  <meta name='ocr-capabilities' content='ocr_page ocr_carea ocr_par ocr_line ocrx_word'/>
</head>
<body>
  <div class='ocr_page' id='page_1' title='image "./deciceroniscomm00schmgoog_0045.png"; bbox 0 0 3198 4980; ppageno 0'>
   <div class='ocr_carea' id='block_1_1' title="bbox 895 294 938 358">
    <p class='ocr_par' dir='ltr' id='par_1_1' title="bbox 895 294 938 358">
     <span class='ocr_line' id='line_1_1' title="bbox 895 294 938 358; baseline 0 0"><span class='ocrx_word' id='word_1_1' title='bbox 895 294 938 358; x_wconf 78' lang='lat'>38</span> 
     </span>
    </p>
   </div>
   <div class='ocr_carea' id='block_1_2' title="bbox 285 496 1530 2917">
    <p class='ocr_par' dir='ltr' id='par_1_2' title="bbox 285 496 1530 2917">
     <span class='ocr_line' id='line_1_2' title="bbox 306 496 1530 585; baseline -0.002 -17"><span class='ocrx_word' id='word_1_2' title='bbox 306 503 438 568; x_wconf 84' lang='lat' dir='ltr'>menter</span> <span class='ocrx_word' id='word_1_3' title='bbox 459 496 723 583; x_wconf 70' lang='lat' dir='ltr'><strong>disceptabatur,</strong></span> <span class='ocrx_word' id='word_1_4' title='bbox 747 498 974 585; x_wconf 89' lang='lat' dir='ltr'>praetermitti</span> <span class='ocrx_word' id='word_1_5' title='bbox 996 498 1180 567; x_wconf 88' lang='lat' dir='ltr'>videretur.</span> <span class='ocrx_word' id='word_1_6' title='bbox 1225 501 1319 578; x_wconf 79' lang='lat' dir='ltr'>Quae</span> <span class='ocrx_word' id='word_1_7' title='bbox 1342 507 1463 568; x_wconf 90' lang='lat' dir='ltr'>utrum</span> <span class='ocrx_word' id='word_1_8' title='bbox 1490 525 1530 567; x_wconf 85' lang='lat' dir='ltr'>ex</span> 
     </span>
     <span class='ocr_line' id='line_1_3' title="bbox 309 600 1530 692; baseline 0.003 -28"><span class='ocrx_word' id='word_1_9' title='bbox 309 606 448 665; x_wconf 89' lang='lat' dir='ltr'>auctore</span> <span class='ocrx_word' id='word_1_10' title='bbox 460 600 573 684; x_wconf 90' lang='lat' dir='ltr'>aliquo</span> <span class='ocrx_word' id='word_1_11' title='bbox 586 601 813 692; x_wconf 82' lang='lat' dir='ltr'>exscripserit,</span> <span class='ocrx_word' id='word_1_12' title='bbox 827 623 871 666; x_wconf 92' lang='lat' dir='ltr'>an</span> <span class='ocrx_word' id='word_1_13' title='bbox 883 623 932 683; x_wconf 86' lang='lat' dir='ltr'>ex,</span> <span class='ocrx_word' id='word_1_14' title='bbox 946 601 1171 668; x_wconf 86' lang='lat' dir='ltr'>collectaneis‘</span> <span class='ocrx_word' id='word_1_15' title='bbox 1185 605 1254 668; x_wconf 88' lang='lat' dir='ltr'>suis</span> <span class='ocrx_word' id='word_1_16' title='bbox 1267 605 1530 692; x_wconf 77' lang='lat' dir='ltr'>deprompserit,</span> 
     </span>
     <span class='ocr_line' id='line_1_4' title="bbox 306 702 1529 790; baseline 0.002 -23"><span class='ocrx_word' id='word_1_17' title='bbox 306 725 350 767; x_wconf 88' lang='lat' dir='ltr'>an</span> <span class='ocrx_word' id='word_1_18' title='bbox 366 725 407 766; x_wconf 87' lang='lat' dir='ltr'>ex</span> <span class='ocrx_word' id='word_1_19' title='bbox 423 724 471 784; x_wconf 90' lang='lat' dir='ltr'>aa,</span> <span class='ocrx_word' id='word_1_20' title='bbox 495 724 562 787; x_wconf 88' lang='lat' dir='ltr'>qua</span> <span class='ocrx_word' id='word_1_21' title='bbox 576 702 643 768; x_wconf 86' lang='lat' dir='ltr'>fuit</span> <span class='ocrx_word' id='word_1_22' title='bbox 659 703 859 786; x_wconf 72' lang='lat' dir='ltr'>eruditione,</span> <span class='ocrx_word' id='word_1_23' title='bbox 882 709 1037 790; x_wconf 88' lang='lat' dir='ltr'>prompte</span> <span class='ocrx_word' id='word_1_24' title='bbox 1054 705 1225 787; x_wconf 85' lang='lat' dir='ltr'>adiecerit,</span> <span class='ocrx_word' id='word_1_25' title='bbox 1249 704 1440 770; x_wconf 89' lang='lat' dir='ltr'>diiudicare</span> <span class='ocrx_word' id='word_1_26' title='bbox 1457 729 1529 770; x_wconf 90' lang='lat' dir='ltr'>non</span> 
     </span>
     <span class='ocr_line' id='line_1_5' title="bbox 307 803 1529 891; baseline 0.003 -23"><span class='ocrx_word' id='word_1_27' title='bbox 307 803 425 874; x_wconf 79' lang='lat' dir='ltr'>audeo,</span> <span class='ocrx_word' id='word_1_28' title='bbox 475 805 539 870; x_wconf 89' lang='lat' dir='ltr'>His</span> <span class='ocrx_word' id='word_1_29' title='bbox 561 804 669 889; x_wconf 89' lang='lat' dir='ltr'>igitur</span> <span class='ocrx_word' id='word_1_30' title='bbox 690 805 901 891; x_wconf 76' lang='lat' dir='ltr'>interpositis</span> <span class='ocrx_word' id='word_1_31' title='bbox 923 805 1128 872; x_wconf 69' lang='lat' dir='ltr'>Plutarchus</span> <span class='ocrx_word' id='word_1_32' title='bbox 1150 811 1271 889; x_wconf 86' lang='lat' dir='ltr'>cetera,</span> <span class='ocrx_word' id='word_1_33' title='bbox 1295 813 1334 871; x_wconf 90' lang='lat' dir='ltr'>ut</span> <span class='ocrx_word' id='word_1_34' title='bbox 1362 807 1529 888; x_wconf 77' lang='lat' dir='ltr'>instituit,</span> 
     </span>
     <span class='ocr_line' id='line_1_6' title="bbox 307 906 1529 994; baseline 0.002 -24"><span class='ocrx_word' id='word_1_35' title='bbox 307 911 506 992; x_wconf 83' lang='lat' dir='ltr'>persecutus</span> <span class='ocrx_word' id='word_1_36' title='bbox 535 906 683 993; x_wconf 88' lang='lat' dir='ltr'>priorem</span> <span class='ocrx_word' id='word_1_37' title='bbox 710 906 754 970; x_wconf 87' lang='lat' dir='ltr'>ad</span> <span class='ocrx_word' id='word_1_38' title='bbox 775 906 905 990; x_wconf 84' lang='lat' dir='ltr'>fontem</span> <span class='ocrx_word' id='word_1_39' title='bbox 926 907 1038 971; x_wconf 87' lang='lat' dir='ltr'>rediit.</span> <span class='ocrx_word' id='word_1_40' title='bbox 1083 909 1322 994; x_wconf 80' lang='lat' dir='ltr'>Incipiendum</span> <span class='ocrx_word' id='word_1_41' title='bbox 1350 914 1409 973; x_wconf 82' lang='lat' dir='ltr'>est‘</span> <span class='ocrx_word' id='word_1_42' title='bbox 1424 909 1529 973; x_wconf 90' lang='lat' dir='ltr'>nobis</span> 
     </span>
     <span class='ocr_line' id='line_1_7' title="bbox 308 1007 1528 1100; baseline 0.002 -26"><span class='ocrx_word' id='word_1_43' title='bbox 308 1007 482 1075; x_wconf 82' lang='lat' dir='ltr'>averbis:</span> <span class='ocrx_word' id='word_1_44' title='bbox 514 1013 570 1100; x_wconf 77' lang='grc' dir='ltr'><em>,τῇ</em></span> <span class='ocrx_word' id='word_1_45' title='bbox 599 1008 756 1094; x_wconf 76' lang='grc' dir='ltr'><strong><em>ὑστεραίᾳ</em></strong></span> <span class='ocrx_word' id='word_1_46' title='bbox 785 1015 969 1092; x_wconf 76' lang='grc' dir='ltr'><em>γενομένων</em></span> <span class='ocrx_word' id='word_1_47' title='bbox 998 1018 1033 1076; x_wconf 82' lang='grc' dir='ltr'>ἐν</span> <span class='ocrx_word' id='word_1_48' title='bbox 1055 1007 1226 1095; x_wconf 81' lang='grc' dir='ltr'><em>συγκλήτῳ</em></span> <span class='ocrx_word' id='word_1_49' title='bbox 1250 1008 1357 1094; x_wconf 75' lang='grc' dir='ltr'><em>λόγων</em></span> <span class='ocrx_word' id='word_1_50' title='bbox 1379 1017 1454 1098; x_wconf 83' lang='grc' dir='ltr'><em>περὶ</em></span> <span class='ocrx_word' id='word_1_51' title='bbox 1479 1039 1528 1077; x_wconf 88' lang='grc' dir='ltr'><em>τι-</em></span> 
     </span>
     <span class='ocr_line' id='line_1_8' title="bbox 306 1107 1527 1197; baseline 0 -21"><span class='ocrx_word' id='word_1_52' title='bbox 306 1115 434 1197; x_wconf 79' lang='grc' dir='ltr'><strong><em>μωρίας</em></strong></span> <span class='ocrx_word' id='word_1_53' title='bbox 457 1113 524 1176; x_wconf 82' lang='grc' dir='ltr'><em>τῶν</em></span> <span class='ocrx_word' id='word_1_54' title='bbox 546 1107 694 1195; x_wconf 75' lang='grc' dir='ltr'><em>ἀνδρῶν.</em></span> <span class='ocrx_word' id='word_1_55' title='bbox 724 1107 840 1191; x_wconf 81' lang='lat' dir='ltr'>Atque</span> <span class='ocrx_word' id='word_1_56' title='bbox 861 1108 1007 1193; x_wconf 88' lang='lat' dir='ltr'>primum</span> <span class='ocrx_word' id='word_1_57' title='bbox 1021 1129 1042 1172; x_wconf 89' lang='lat' dir='ltr'>a</span> <span class='ocrx_word' id='word_1_58' title='bbox 1056 1109 1240 1176; x_wconf 76' lang='lat' dir='ltr'>Plutarcho</span> <span class='ocrx_word' id='word_1_59' title='bbox 1264 1111 1367 1194; x_wconf 88' lang='lat' dir='ltr'>diem,</span> <span class='ocrx_word' id='word_1_60' title='bbox 1391 1133 1461 1196; x_wconf 93' lang='lat' dir='ltr'>quo</span> <span class='ocrx_word' id='word_1_61' title='bbox 1486 1114 1527 1176; x_wconf 90' lang='lat' dir='ltr'>de</span> 
     </span>
     <span class='ocr_line' id='line_1_9' title="bbox 310 1207 1525 1296; baseline 0.002 -22"><span class='ocrx_word' id='word_1_62' title='bbox 310 1209 457 1278; x_wconf 86' lang='lat' dir='ltr'>Lentulo</span> <span class='ocrx_word' id='word_1_63' title='bbox 481 1208 671 1292; x_wconf 88' lang='lat' dir='ltr'>ceterisque</span> <span class='ocrx_word' id='word_1_64' title='bbox 692 1207 730 1271; x_wconf 90' lang='lat' dir='ltr'>in</span> <span class='ocrx_word' id='word_1_65' title='bbox 752 1213 872 1272; x_wconf 88' lang='lat' dir='ltr'>senatu</span> <span class='ocrx_word' id='word_1_66' title='bbox 894 1209 1073 1292; x_wconf 82' lang='lat' dir='ltr'>agebatur,</span> <span class='ocrx_word' id='word_1_67' title='bbox 1096 1211 1320 1296; x_wconf 85' lang='lat' dir='ltr'>neglegenter</span> <span class='ocrx_word' id='word_1_68' title='bbox 1342 1213 1525 1278; x_wconf 87' lang='lat' dir='ltr'>definitum</span> 
     </span>
     <span class='ocr_line' id='line_1_10' title="bbox 307 1309 1527 1400; baseline 0.002 -23"><span class='ocrx_word' id='word_1_69' title='bbox 307 1333 381 1378; x_wconf 87' lang='lat' dir='ltr'>esse</span> <span class='ocrx_word' id='word_1_70' title='bbox 404 1309 667 1396; x_wconf 79' lang='lat' dir='ltr'>contendunt⁵⁵).</span> <span class='ocrx_word' id='word_1_71' title='bbox 712 1310 820 1387; x_wconf 77' lang='lat' dir='ltr'>Quem</span> <span class='ocrx_word' id='word_1_72' title='bbox 847 1310 877 1374; x_wconf 90' lang='lat' dir='ltr'>si</span> <span class='ocrx_word' id='word_1_73' title='bbox 899 1311 1011 1376; x_wconf 85' lang='lat' dir='ltr'>omnia</span> <span class='ocrx_word' id='word_1_74' title='bbox 1033 1317 1125 1377; x_wconf 86' lang='lat' dir='ltr'>recte</span> <span class='ocrx_word' id='word_1_75' title='bbox 1155 1314 1423 1400; x_wconf 89' lang='lat' dir='ltr'>computaveris,</span> <span class='ocrx_word' id='word_1_76' title='bbox 1457 1337 1527 1380; x_wconf 90' lang='lat' dir='ltr'>non</span> 
     </span>
     <span class='ocr_line' id='line_1_11' title="bbox 309 1410 1525 1500; baseline -0.002 -18"><span class='ocrx_word' id='word_1_77' title='bbox 309 1434 382 1482; x_wconf 84' lang='lat' dir='ltr'>csse</span> <span class='ocrx_word' id='word_1_78' title='bbox 404 1412 668 1500; x_wconf 87' lang='lat' dir='ltr'>vituperandum</span> <span class='ocrx_word' id='word_1_79' title='bbox 689 1410 789 1476; x_wconf 86' lang='lat' dir='ltr'>facile</span> <span class='ocrx_word' id='word_1_80' title='bbox 810 1411 999 1496; x_wconf 89' lang='lat' dir='ltr'>intelleges.</span> <span class='ocrx_word' id='word_1_81' title='bbox 1048 1413 1136 1478; x_wconf 89' lang='lat' dir='ltr'>Nam</span> <span class='ocrx_word' id='word_1_82' title='bbox 1158 1435 1186 1480; x_wconf 90' lang='lat' dir='ltr'>a.</span> <span class='ocrx_word' id='word_1_83' title='bbox 1210 1413 1241 1480; x_wconf 92' lang='lat' dir='ltr'>d.</span> <span class='ocrx_word' id='word_1_84' title='bbox 1265 1415 1320 1480; x_wconf 87' lang='lat' dir='ltr'>Ill</span> <span class='ocrx_word' id='word_1_85' title='bbox 1342 1415 1431 1480; x_wconf 91' lang='lat' dir='ltr'>Non.</span> <span class='ocrx_word' id='word_1_86' title='bbox 1456 1416 1525 1480; x_wconf 90' lang='lat' dir='ltr'>De-</span> 
     </span>
     <span class='ocr_line' id='line_1_12' title="bbox 305 1512 1523 1597; baseline 0.002 -19"><span class='ocrx_word' id='word_1_87' title='bbox 305 1515 446 1597; x_wconf 88' lang='lat' dir='ltr'>cembr.,</span> <span class='ocrx_word' id='word_1_88' title='bbox 480 1536 557 1580; x_wconf 90' lang='lat' dir='ltr'>cum</span> <span class='ocrx_word' id='word_1_89' title='bbox 588 1513 657 1578; x_wconf 90' lang='lat' dir='ltr'>iam</span> <span class='ocrx_word' id='word_1_90' title='bbox 685 1534 753 1578; x_wconf 88' lang='lat' dir='ltr'>nox</span> <span class='ocrx_word' id='word_1_91' title='bbox 784 1518 889 1594; x_wconf 86' lang='lat' dir='ltr'>esset,</span> <span class='ocrx_word' id='word_1_92' title='bbox 920 1512 1038 1580; x_wconf 88' lang='lat' dir='ltr'>Cicero</span> <span class='ocrx_word' id='word_1_93' title='bbox 1061 1514 1198 1578; x_wconf 89' lang='lat' dir='ltr'>domum</span> <span class='ocrx_word' id='word_1_94' title='bbox 1222 1512 1322 1578; x_wconf 87' lang='lat' dir='ltr'>amici</span> <span class='ocrx_word' id='word_1_95' title='bbox 1345 1515 1523 1580; x_wconf 89' lang='lat' dir='ltr'>cuiusdam</span> 
     </span>
     <span class='ocr_line' id='line_1_13' title="bbox 307 1615 1525 1702; baseline 0 -20"><span class='ocrx_word' id='word_1_96' title='bbox 307 1615 414 1682; x_wconf 83' lang='lat' dir='ltr'>vicini</span> <span class='ocrx_word' id='word_1_97' title='bbox 442 1615 617 1701; x_wconf 88' lang='lat' dir='ltr'>ingressus</span> <span class='ocrx_word' id='word_1_98' title='bbox 646 1620 828 1701; x_wconf 87' lang='lat' dir='ltr'>postquam</span> <span class='ocrx_word' id='word_1_99' title='bbox 857 1618 891 1678; x_wconf 89' lang='lat' dir='ltr'>et</span> <span class='ocrx_word' id='word_1_100' title='bbox 920 1615 992 1702; x_wconf 91' lang='lat' dir='ltr'>ipse</span> <span class='ocrx_word' id='word_1_101' title='bbox 1021 1615 1090 1679; x_wconf 89' lang='lat' dir='ltr'>iam</span> <span class='ocrx_word' id='word_1_102' title='bbox 1116 1616 1175 1680; x_wconf 90' lang='lat' dir='ltr'>diu</span> <span class='ocrx_word' id='word_1_103' title='bbox 1202 1637 1318 1680; x_wconf 85' lang='lat' dir='ltr'>secum</span> <span class='ocrx_word' id='word_1_104' title='bbox 1348 1617 1525 1701; x_wconf 88' lang='lat' dir='ltr'>cogitavit,</span> 
     </span>
     <span class='ocr_line' id='line_1_14' title="bbox 285 1716 1522 1804; baseline 0.005 -26"><span class='ocrx_word' id='word_1_105' title='bbox 285 1717 391 1802; x_wconf 69' lang='lat' dir='ltr'>,quid</span> <span class='ocrx_word' id='word_1_106' title='bbox 419 1718 461 1782; x_wconf 91' lang='lat' dir='ltr'>de</span> <span class='ocrx_word' id='word_1_107' title='bbox 483 1716 669 1782; x_wconf 88' lang='lat' dir='ltr'>coniuratis</span> <span class='ocrx_word' id='word_1_108' title='bbox 696 1716 771 1780; x_wconf 86' lang='lat' dir='ltr'>fieri</span> <span class='ocrx_word' id='word_1_109' title='bbox 793 1716 913 1799; x_wconf 83' lang='lat' dir='ltr'>vellet,</span> <span class='ocrx_word' id='word_1_110' title='bbox 937 1723 1071 1780; x_wconf 91' lang='lat' dir='ltr'>etcum</span> <span class='ocrx_word' id='word_1_111' title='bbox 1092 1717 1233 1802; x_wconf 89' lang='lat' dir='ltr'>Nigidio</span> <span class='ocrx_word' id='word_1_112' title='bbox 1256 1717 1430 1804; x_wconf 83' lang='lat' dir='ltr'>fratreque</span> <span class='ocrx_word' id='word_1_113' title='bbox 1454 1720 1522 1784; x_wconf 90' lang='lat' dir='ltr'>dis-</span> 
     </span>
     <span class='ocr_line' id='line_1_15' title="bbox 305 1817 1522 1904; baseline 0.002 -22"><span class='ocrx_word' id='word_1_114' title='bbox 305 1817 456 1904; x_wconf 86' lang='lat' dir='ltr'>putavit,</span> <span class='ocrx_word' id='word_1_115' title='bbox 486 1817 695 1903; x_wconf 87' lang='lat' dir='ltr'>temporibus</span> <span class='ocrx_word' id='word_1_116' title='bbox 719 1817 855 1882; x_wconf 83' lang='lat' dir='ltr'>domurn</span> <span class='ocrx_word' id='word_1_117' title='bbox 877 1817 1074 1882; x_wconf 86' lang='lat' dir='ltr'>sublucanis</span> <span class='ocrx_word' id='word_1_118' title='bbox 1104 1819 1178 1883; x_wconf 80' lang='lat' dir='ltr'>sive</span> <span class='ocrx_word' id='word_1_119' title='bbox 1200 1820 1262 1884; x_wconf 90' lang='lat' dir='ltr'>sub</span> <span class='ocrx_word' id='word_1_120' title='bbox 1294 1819 1374 1884; x_wconf 89' lang='lat' dir='ltr'>solis</span> <span class='ocrx_word' id='word_1_121' title='bbox 1399 1826 1522 1903; x_wconf 87' lang='lat' dir='ltr'>ortum,</span> 
     </span>
     <span class='ocr_line' id='line_1_16' title="bbox 304 1917 1522 2013; baseline 0.003 -31"><span class='ocrx_word' id='word_1_122' title='bbox 304 1918 341 1985; x_wconf 92' lang='lat' dir='ltr'>id</span> <span class='ocrx_word' id='word_1_123' title='bbox 363 1918 455 2002; x_wconf 94' lang='lat' dir='ltr'>quod</span> <span class='ocrx_word' id='word_1_124' title='bbox 468 1918 534 1984; x_wconf 92' lang='lat' dir='ltr'>Dic</span> <span class='ocrx_word' id='word_1_125' title='bbox 557 1918 683 1984; x_wconf 85' lang='lat' dir='ltr'>diserte</span> <span class='ocrx_word' id='word_1_126' title='bbox 705 1923 851 1983; x_wconf 87' lang='lat' dir='ltr'>testatur</span> <span class='ocrx_word' id='word_1_127' title='bbox 874 1917 955 2004; x_wconf 80' lang='grc' dir='ltr'><em>,ἅμα</em></span> <span class='ocrx_word' id='word_1_128' title='bbox 977 1925 1018 2013; x_wconf 78' lang='grc' dir='ltr'><em>τῇ</em></span> <span class='ocrx_word' id='word_1_129' title='bbox 1041 1923 1103 2006; x_wconf 48' lang='grc' dir='ltr'><em>ἔστι,</em></span> <span class='ocrx_word' id='word_1_130' title='bbox 1126 1919 1212 1984; x_wconf 89' lang='lat' dir='ltr'>illud</span> <span class='ocrx_word' id='word_1_131' title='bbox 1233 1921 1362 1986; x_wconf 85' lang='lat' dir='ltr'>laetum</span> <span class='ocrx_word' id='word_1_132' title='bbox 1385 1943 1522 1987; x_wconf 86' lang='lat' dir='ltr'>amena</span> 
     </span>
     <span class='ocr_line' id='line_1_17' title="bbox 305 2019 1523 2106; baseline 0.003 -22"><span class='ocrx_word' id='word_1_133' title='bbox 305 2019 465 2084; x_wconf 83' lang='lat' dir='ltr'>Terentia</span> <span class='ocrx_word' id='word_1_134' title='bbox 487 2019 626 2106; x_wconf 88' lang='lat' dir='ltr'>accepit,</span> <span class='ocrx_word' id='word_1_135' title='bbox 650 2020 741 2103; x_wconf 90' lang='lat' dir='ltr'>quod</span> <span class='ocrx_word' id='word_1_136' title='bbox 755 2026 892 2106; x_wconf 88' lang='lat' dir='ltr'>peracto</span> <span class='ocrx_word' id='word_1_137' title='bbox 910 2019 1076 2085; x_wconf 87' lang='lat' dir='ltr'>sacrificio</span> <span class='ocrx_word' id='word_1_138' title='bbox 1095 2020 1273 2086; x_wconf 83' lang='lat' dir='ltr'>dicebatur</span> <span class='ocrx_word' id='word_1_139' title='bbox 1293 2022 1423 2087; x_wconf 77' lang='lat' dir='ltr'>iactum</span> <span class='ocrx_word' id='word_1_140' title='bbox 1440 2046 1523 2088; x_wconf 87' lang='lat' dir='ltr'>esse.</span> 
     </span>
     <span class='ocr_line' id='line_1_18' title="bbox 306 2121 1522 2214; baseline 0.002 -28"><span class='ocrx_word' id='word_1_141' title='bbox 306 2121 393 2186; x_wconf 85' lang='lat' dir='ltr'>Tum</span> <span class='ocrx_word' id='word_1_142' title='bbox 410 2127 460 2214; x_wconf 76' lang='grc' dir='ltr'><em>,τῇ</em></span> <span class='ocrx_word' id='word_1_143' title='bbox 476 2121 653 2208; x_wconf 59' lang='grc' dir='ltr'><em>ὑστεραία,</em></span> <span class='ocrx_word' id='word_1_144' title='bbox 671 2142 731 2185; x_wconf 91' lang='lat' dir='ltr'>seu</span> <span class='ocrx_word' id='word_1_145' title='bbox 745 2121 853 2186; x_wconf 84' lang='lat' dir='ltr'>Nonis</span> <span class='ocrx_word' id='word_1_146' title='bbox 865 2121 1078 2209; x_wconf 81' lang='lat' dir='ltr'>Decembr.⁵⁶)</span> <span class='ocrx_word' id='word_1_147' title='bbox 1092 2123 1211 2188; x_wconf 89' lang='lat' dir='ltr'>consul</span> <span class='ocrx_word' id='word_1_148' title='bbox 1226 2127 1381 2188; x_wconf 90' lang='lat' dir='ltr'>senatum</span> <span class='ocrx_word' id='word_1_149' title='bbox 1398 2125 1522 2209; x_wconf 89' lang='lat' dir='ltr'>coegit,</span> 
     </span>
     <span class='ocr_line' id='line_1_19' title="bbox 303 2221 1523 2311; baseline 0.002 -24"><span class='ocrx_word' id='word_1_150' title='bbox 303 2223 341 2287; x_wconf 94' lang='lat' dir='ltr'>id</span> <span class='ocrx_word' id='word_1_151' title='bbox 356 2222 449 2308; x_wconf 90' lang='lat' dir='ltr'>quod</span> <span class='ocrx_word' id='word_1_152' title='bbox 464 2243 541 2286; x_wconf 88' lang='lat' dir='ltr'>curn</span> <span class='ocrx_word' id='word_1_153' title='bbox 558 2222 722 2287; x_wconf 76' lang='lat' dir='ltr'>Cicerone</span> <span class='ocrx_word' id='word_1_154' title='bbox 737 2221 809 2306; x_wconf 84' lang='lat' dir='ltr'>(cfr.</span> <span class='ocrx_word' id='word_1_155' title='bbox 823 2223 895 2286; x_wconf 89' lang='lat' dir='ltr'>Cat.</span> <span class='ocrx_word' id='word_1_156' title='bbox 907 2223 938 2304; x_wconf 88' lang='lat'>4,</span> <span class='ocrx_word' id='word_1_157' title='bbox 952 2224 1001 2289; x_wconf 90' lang='grc'>10.</span> <span class='ocrx_word' id='word_1_158' title='bbox 1013 2223 1047 2310; x_wconf 82' lang='grc'>5)</span> <span class='ocrx_word' id='word_1_159' title='bbox 1062 2225 1163 2311; x_wconf 88' lang='lat' dir='ltr'>plane</span> <span class='ocrx_word' id='word_1_160' title='bbox 1179 2224 1357 2288; x_wconf 89' lang='lat' dir='ltr'>consentit.</span> <span class='ocrx_word' id='word_1_161' title='bbox 1401 2225 1523 2310; x_wconf 87' lang='lat' dir='ltr'>Itaque</span> 
     </span>
     <span class='ocr_line' id='line_1_20' title="bbox 304 2324 1522 2412; baseline 0.003 -23"><span class='ocrx_word' id='word_1_162' title='bbox 304 2324 360 2391; x_wconf 87' lang='lat' dir='ltr'>vel</span> <span class='ocrx_word' id='word_1_163' title='bbox 386 2324 459 2388; x_wconf 85' lang='lat' dir='ltr'>hac.</span> <span class='ocrx_word' id='word_1_164' title='bbox 473 2329 631 2390; x_wconf 84' lang='lat' dir='ltr'>accurata</span> <span class='ocrx_word' id='word_1_165' title='bbox 657 2329 848 2411; x_wconf 89' lang='lat' dir='ltr'>temporum</span> <span class='ocrx_word' id='word_1_166' title='bbox 877 2325 1121 2412; x_wconf 89' lang='lat' dir='ltr'>descriptione,</span> <span class='ocrx_word' id='word_1_167' title='bbox 1147 2345 1248 2410; x_wconf 87' lang='lat' dir='ltr'>quam</span> <span class='ocrx_word' id='word_1_168' title='bbox 1269 2347 1339 2390; x_wconf 90' lang='lat' dir='ltr'>non</span> <span class='ocrx_word' id='word_1_169' title='bbox 1360 2328 1464 2392; x_wconf 92' lang='lat' dir='ltr'>modo</span> <span class='ocrx_word' id='word_1_170' title='bbox 1486 2330 1522 2393; x_wconf 92' lang='lat' dir='ltr'>in</span> 
     </span>
     <span class='ocr_line' id='line_1_21' title="bbox 305 2425 1523 2513; baseline 0.004 -23"><span class='ocrx_word' id='word_1_171' title='bbox 305 2426 360 2490; x_wconf 81' lang='lat' dir='ltr'>liis</span> <span class='ocrx_word' id='word_1_172' title='bbox 383 2425 677 2512; x_wconf 81' lang='lat' dir='ltr'>deprehendimus,</span> <span class='ocrx_word' id='word_1_173' title='bbox 701 2426 884 2502; x_wconf 82' lang='lat' dir='ltr'>sedetiam</span> <span class='ocrx_word' id='word_1_174' title='bbox 907 2426 943 2490; x_wconf 92' lang='lat' dir='ltr'>in</span> <span class='ocrx_word' id='word_1_175' title='bbox 975 2427 1146 2512; x_wconf 89' lang='lat' dir='ltr'>prioribus</span> <span class='ocrx_word' id='word_1_176' title='bbox 1173 2426 1417 2513; x_wconf 86' lang='lat' dir='ltr'>proximisque,</span> <span class='ocrx_word' id='word_1_177' title='bbox 1441 2453 1523 2495; x_wconf 89' lang='lat' dir='ltr'>sane</span> 
     </span>
     <span class='ocr_line' id='line_1_22' title="bbox 304 2526 1525 2615; baseline 0.005 -25"><span class='ocrx_word' id='word_1_178' title='bbox 304 2526 498 2592; x_wconf 87' lang='lat' dir='ltr'>confirmari</span> <span class='ocrx_word' id='word_1_179' title='bbox 526 2549 647 2593; x_wconf 88' lang='lat' dir='ltr'>censeo</span> <span class='ocrx_word' id='word_1_180' title='bbox 677 2527 761 2592; x_wconf 89' lang='lat' dir='ltr'>haec</span> <span class='ocrx_word' id='word_1_181' title='bbox 793 2549 834 2591; x_wconf 85' lang='lat' dir='ltr'>ex</span> <span class='ocrx_word' id='word_1_182' title='bbox 855 2528 930 2614; x_wconf 89' lang='lat' dir='ltr'>ipso</span> <span class='ocrx_word' id='word_1_183' title='bbox 954 2527 1116 2592; x_wconf 78' lang='lat' dir='ltr'>Cicerone</span> <span class='ocrx_word' id='word_1_184' title='bbox 1143 2527 1266 2592; x_wconf 90' lang='lat' dir='ltr'>hausta</span> <span class='ocrx_word' id='word_1_185' title='bbox 1296 2549 1384 2612; x_wconf 87' lang='lat' dir='ltr'>esse,</span> <span class='ocrx_word' id='word_1_186' title='bbox 1424 2554 1525 2615; x_wconf 89' lang='lat' dir='ltr'>quem</span> 
     </span>
     <span class='ocr_line' id='line_1_23' title="bbox 303 2627 1525 2715; baseline 0.005 -24"><span class='ocrx_word' id='word_1_187' title='bbox 303 2627 423 2698; x_wconf 81' lang='lat' dir='ltr'>omnia¹</span> <span class='ocrx_word' id='word_1_188' title='bbox 443 2627 704 2712; x_wconf 84' lang='lat' dir='ltr'>diligentissime</span> <span class='ocrx_word' id='word_1_189' title='bbox 731 2629 955 2715; x_wconf 87' lang='lat' dir='ltr'>descripsisse</span> <span class='ocrx_word' id='word_1_190' title='bbox 977 2634 1127 2715; x_wconf 89' lang='lat' dir='ltr'>apparet.</span> <span class='ocrx_word' id='word_1_191' title='bbox 1178 2628 1293 2712; x_wconf 87' lang='lat' dir='ltr'>Atque</span> <span class='ocrx_word' id='word_1_192' title='bbox 1316 2630 1426 2694; x_wconf 82' lang='lat' dir='ltr'>Silani</span> <span class='ocrx_word' id='word_1_193' title='bbox 1449 2655 1525 2697; x_wconf 90' lang='lat' dir='ltr'>sen-</span> 
     </span>
     <span class='ocr_line' id='line_1_24' title="bbox 305 2728 1526 2816; baseline 0.004 -22"><span class='ocrx_word' id='word_1_194' title='bbox 305 2729 444 2811; x_wconf 78' lang='lat' dir='ltr'>tentiae,</span> <span class='ocrx_word' id='word_1_195' title='bbox 468 2729 527 2813; x_wconf 76' lang='lat' dir='ltr'>qui</span> <span class='ocrx_word' id='word_1_196' title='bbox 549 2728 714 2797; x_wconf 85' lang='lat' dir='ltr'>abductos</span> <span class='ocrx_word' id='word_1_197' title='bbox 736 2730 773 2793; x_wconf 90' lang='lat' dir='ltr'>in</span> <span class='ocrx_word' id='word_1_198' title='bbox 800 2751 969 2794; x_wconf 87' lang='lat' dir='ltr'>carcerem</span> <span class='ocrx_word' id='word_1_199' title='bbox 991 2730 1111 2795; x_wconf 89' lang='lat' dir='ltr'>ultimo</span> <span class='ocrx_word' id='word_1_200' title='bbox 1135 2730 1301 2816; x_wconf 88' lang='lat' dir='ltr'>supplicio</span> <span class='ocrx_word' id='word_1_201' title='bbox 1324 2731 1526 2799; x_wconf 83' lang='lat' dir='ltr'>afficiendos</span> 
     </span>
     <span class='ocr_line' id='line_1_25' title="bbox 302 2830 1525 2917; baseline 0.004 -23"><span class='ocrx_word' id='word_1_202' title='bbox 302 2830 451 2912; x_wconf 83' lang='lat' dir='ltr'>censuit,</span> <span class='ocrx_word' id='word_1_203' title='bbox 490 2853 606 2900; x_wconf 85' lang='lat' dir='ltr'>omncs</span> <span class='ocrx_word' id='word_1_204' title='bbox 639 2853 747 2916; x_wconf 83' lang='lat' dir='ltr'>usque</span> <span class='ocrx_word' id='word_1_205' title='bbox 783 2831 826 2896; x_wconf 91' lang='lat' dir='ltr'>ad</span> <span class='ocrx_word' id='word_1_206' title='bbox 856 2832 1034 2896; x_wconf 82' lang='lat' dir='ltr'>Caesarem</span> <span class='ocrx_word' id='word_1_207' title='bbox 1068 2832 1273 2917; x_wconf 84' lang='lat' dir='ltr'>suffragatos</span> <span class='ocrx_word' id='word_1_208' title='bbox 1309 2854 1398 2917; x_wconf 86' lang='lat' dir='ltr'>esse,</span> <span class='ocrx_word' id='word_1_209' title='bbox 1432 2835 1525 2899; x_wconf 90' lang='lat' dir='ltr'>idem</span> 
     </span>
    </p>
   </div>
   <div class='ocr_carea' id='block_1_3' title="bbox 302 2931 1524 3020">
    <p class='ocr_par' dir='ltr' id='par_1_3' title="bbox 302 2931 1524 3020">
     <span class='ocr_line' id='line_1_26' title="bbox 302 2931 1524 3020; baseline 0 -22"><span class='ocrx_word' id='word_1_210' title='bbox 302 2931 421 2998; x_wconf 83' lang='lat' dir='ltr'>Cicero</span> <span class='ocrx_word' id='word_1_211' title='bbox 452 2931 603 3000; x_wconf 86' lang='lat' dir='ltr'>indicare</span> <span class='ocrx_word' id='word_1_212' title='bbox 630 2933 769 2998; x_wconf 87' lang='lat' dir='ltr'>videtur</span> <span class='ocrx_word' id='word_1_213' title='bbox 796 2933 835 2997; x_wconf 95' lang='lat' dir='ltr'>in</span> <span class='ocrx_word' id='word_1_214' title='bbox 865 2933 1011 3018; x_wconf 86' lang='lat' dir='ltr'>epistula</span> <span class='ocrx_word' id='word_1_215' title='bbox 1041 2933 1084 2997; x_wconf 89' lang='lat' dir='ltr'>ad</span> <span class='ocrx_word' id='word_1_216' title='bbox 1113 2932 1268 2997; x_wconf 85' lang='lat' dir='ltr'>Atticum</span> <span class='ocrx_word' id='word_1_217' title='bbox 1300 2935 1524 3020; x_wconf 79' lang='lat' dir='ltr'>(XH,21,1)</span> 
     </span>
    </p>
   </div>
   <div class='ocr_carea' id='block_1_4' title="bbox 211 3033 1522 3116">
    <p class='ocr_par' dir='ltr' id='par_1_4' title="bbox 211 3033 1522 3116">
     <span class='ocr_line' id='line_1_27' title="bbox 211 3033 1522 3116; baseline 0.004 -20"><span class='ocrx_word' id='word_1_218' title='bbox 211 3099 213 3102; x_wconf 73' lang='grc'><strong>,</strong></span> <span class='ocrx_word' id='word_1_219' title='bbox 303 3033 401 3097; x_wconf 87' lang='lat' dir='ltr'>data:</span> <span class='ocrx_word' id='word_1_220' title='bbox 432 3033 653 3116; x_wconf 83' lang='lat' dir='ltr'>,Sententiam</span> <span class='ocrx_word' id='word_1_221' title='bbox 678 3073 714 3108; x_wconf 54' lang='grc'>-,-</span> <span class='ocrx_word' id='word_1_222' title='bbox 739 3033 781 3098; x_wconf 92' lang='lat' dir='ltr'>de</span> <span class='ocrx_word' id='word_1_223' title='bbox 804 3033 1099 3099; x_wconf 87' lang='lat' dir='ltr'>animadversione</span> <span class='ocrx_word' id='word_1_224' title='bbox 1122 3072 1161 3082; x_wconf 69' lang='lat'>..„</span> <span class='ocrx_word' id='word_1_225' title='bbox 1185 3057 1301 3099; x_wconf 90' lang='lat' dir='ltr'>omnes</span> <span class='ocrx_word' id='word_1_226' title='bbox 1324 3042 1401 3101; x_wconf 90' lang='lat' dir='ltr'>ante</span> <span class='ocrx_word' id='word_1_227' title='bbox 1424 3037 1522 3101; x_wconf 86' lang='lat' dir='ltr'>dixe-</span> 
     </span>
    </p>
   </div>
   <div class='ocr_carea' id='block_1_5' title="bbox 299 3135 1524 4139">
    <p class='ocr_par' dir='ltr' id='par_1_5' title="bbox 304 3135 1469 3426">
     <span class='ocr_line' id='line_1_28' title="bbox 304 3135 759 3221; baseline 0.004 -23"><span class='ocrx_word' id='word_1_228' title='bbox 304 3139 384 3200; x_wconf 85' lang='lat' dir='ltr'>rant</span> <span class='ocrx_word' id='word_1_229' title='bbox 404 3140 541 3221; x_wconf 87' lang='lat' dir='ltr'>praeter</span> <span class='ocrx_word' id='word_1_230' title='bbox 562 3135 759 3202; x_wconf 86' lang='lat' dir='ltr'>Caesarem‘.</span> 
     </span>
     <span class='ocr_line' id='line_1_29' title="bbox 389 3237 1469 3324; baseline -0.002 -20"><span class='ocrx_word' id='word_1_231' title='bbox 389 3237 437 3304; x_wconf 87' lang='lat' dir='ltr'>At</span> <span class='ocrx_word' id='word_1_232' title='bbox 458 3260 539 3302; x_wconf 87' lang='lat' dir='ltr'>vero</span> <span class='ocrx_word' id='word_1_233' title='bbox 563 3237 592 3306; x_wconf 88' lang='lat' dir='ltr'>si</span> <span class='ocrx_word' id='word_1_234' title='bbox 613 3237 698 3310; x_wconf 86' lang='lat' dir='ltr'>haec</span> <span class='ocrx_word' id='word_1_235' title='bbox 719 3237 896 3303; x_wconf 89' lang='lat' dir='ltr'>Plutarchi</span> <span class='ocrx_word' id='word_1_236' title='bbox 918 3238 1168 3324; x_wconf 88' lang='lat' dir='ltr'>comparaveris</span> <span class='ocrx_word' id='word_1_237' title='bbox 1182 3259 1269 3302; x_wconf 87' lang='lat' dir='ltr'>cum</span> <span class='ocrx_word' id='word_1_238' title='bbox 1291 3238 1469 3303; x_wconf 81' lang='lat' dir='ltr'>Cicerone:</span> 
     </span>
     <span class='ocr_line' id='line_1_30' title="bbox 491 3338 1315 3426; baseline 0.004 -24"><span class='ocrx_word' id='word_1_239' title='bbox 491 3339 573 3426; x_wconf 75' lang='lat' dir='ltr'>cap.</span> <span class='ocrx_word' id='word_1_240' title='bbox 593 3338 695 3404; x_wconf 80' lang='grc' dir='ltr'><strong>ΧΧΙ.</strong></span> <span class='ocrx_word' id='word_1_241' title='bbox 1137 3341 1208 3404; x_wconf 77' lang='lat' dir='ltr'>aaa.</span> <span class='ocrx_word' id='word_1_242' title='bbox 1231 3341 1262 3422; x_wconf 82' lang='lat'>4,</span> <span class='ocrx_word' id='word_1_243' title='bbox 1286 3339 1315 3406; x_wconf 77' lang='lat' dir='ltr'>r.</span> 
     </span>
    </p>

    <p class='ocr_par' dir='ltr' id='par_1_6' title="bbox 299 3436 1524 4139">
     <span class='ocr_line' id='line_1_31' title="bbox 342 3436 1522 3532; baseline -0.004 -22"><span class='ocrx_word' id='word_1_244' title='bbox 342 3436 683 3530; x_wconf 47' lang='grc' dir='ltr'><em>Καῖσαρψάναστδς</em></span> <span class='ocrx_word' id='word_1_245' title='bbox 692 3436 889 3532; x_wconf 76' lang='grc' dir='ltr'><em>ἀπεφήνατο</em></span> <span class='ocrx_word' id='word_1_246' title='bbox 973 3441 1097 3505; x_wconf 88' lang='lat' dir='ltr'>Caesar</span> <span class='ocrx_word' id='word_1_247' title='bbox 1120 3441 1172 3528; x_wconf 88' lang='lat' dir='ltr'>(is,</span> <span class='ocrx_word' id='word_1_248' title='bbox 1197 3442 1267 3527; x_wconf 85' lang='lat' dir='ltr'>qui)</span> <span class='ocrx_word' id='word_1_249' title='bbox 1297 3441 1418 3505; x_wconf 88' lang='lat' dir='ltr'>mortis</span> <span class='ocrx_word' id='word_1_250' title='bbox 1440 3464 1522 3527; x_wconf 91' lang='lat' dir='ltr'>poe-</span> 
     </span>
     <span class='ocr_line' id='line_1_32' title="bbox 299 3537 1521 3626; baseline -0.001 -17"><span class='ocrx_word' id='word_1_251' title='bbox 299 3540 347 3626; x_wconf 75' lang='grc' dir='ltr'>μί]</span> <span class='ocrx_word' id='word_1_252' title='bbox 365 3547 544 3612; x_wconf 73' lang='grc' dir='ltr'><em>θανατοῦν</em></span> <span class='ocrx_word' id='word_1_253' title='bbox 558 3539 637 3618; x_wconf 79' lang='grc' dir='ltr'><em>τοὺς</em></span> <span class='ocrx_word' id='word_1_254' title='bbox 651 3538 786 3626; x_wconf 78' lang='grc' dir='ltr'><em>ἄνδρας,</em></span> <span class='ocrx_word' id='word_1_255' title='bbox 803 3537 889 3608; x_wconf 72' lang='grc' dir='ltr'>ἀλλὰ</span> <span class='ocrx_word' id='word_1_256' title='bbox 913 3565 1008 3608; x_wconf 89' lang='lat' dir='ltr'>nam</span> <span class='ocrx_word' id='word_1_257' title='bbox 1024 3549 1186 3608; x_wconf 88' lang='lat' dir='ltr'>removet.</span> <span class='ocrx_word' id='word_1_258' title='bbox 1211 3579 1252 3593; x_wconf 79' lang='lat'>-·-</span> <span class='ocrx_word' id='word_1_259' title='bbox 1274 3542 1422 3606; x_wconf 87' lang='lat' dir='ltr'>Vincula</span> <span class='ocrx_word' id='word_1_260' title='bbox 1437 3565 1521 3609; x_wconf 86' lang='lat' dir='ltr'>vero</span> 
     </span>
     <span class='ocr_line' id='line_1_33' title="bbox 303 3639 1523 3728; baseline -0.001 -19"><span class='ocrx_word' id='word_1_261' title='bbox 303 3639 365 3720; x_wconf 78' lang='grc' dir='ltr'><em>τὰς</em></span> <span class='ocrx_word' id='word_1_262' title='bbox 387 3642 502 3720; x_wconf 78' lang='grc' dir='ltr'><em>οὐσίας</em></span> <span class='ocrx_word' id='word_1_263' title='bbox 524 3639 608 3710; x_wconf 84' lang='grc' dir='ltr'><em>εἶναι</em></span> <span class='ocrx_word' id='word_1_264' title='bbox 630 3646 803 3728; x_wconf 75' lang='grc' dir='ltr'><em>δημοσίας,</em></span> <span class='ocrx_word' id='word_1_265' title='bbox 831 3643 888 3710; x_wconf 83' lang='grc' dir='ltr'><em>ατί-</em></span> <span class='ocrx_word' id='word_1_266' title='bbox 931 3651 964 3708; x_wconf 88' lang='lat' dir='ltr'>et</span> <span class='ocrx_word' id='word_1_267' title='bbox 994 3667 1033 3709; x_wconf 86' lang='lat' dir='ltr'>ea</span> <span class='ocrx_word' id='word_1_268' title='bbox 1062 3643 1330 3728; x_wconf 86' lang='lat' dir='ltr'>sempiterna</span> <span class='ocrx_word' id='word_1_269' title='bbox 1362 3649 1454 3708; x_wconf 90' lang='lat' dir='ltr'>certe</span> <span class='ocrx_word' id='word_1_270' title='bbox 1479 3645 1523 3708; x_wconf 85' lang='lat' dir='ltr'>ad</span> 
     </span>
     <span class='ocr_line' id='line_1_34' title="bbox 300 3740 1523 3830; baseline 0.001 -22"><span class='ocrx_word' id='word_1_271' title='bbox 300 3740 379 3820; x_wconf 78' lang='grc' dir='ltr'><em>τοὺς</em></span> <span class='ocrx_word' id='word_1_272' title='bbox 401 3743 429 3812; x_wconf 78' lang='grc' dir='ltr'>δ’</span> <span class='ocrx_word' id='word_1_273' title='bbox 454 3744 675 3828; x_wconf 75' lang='grc' dir='ltr'><em>ἀπαχθέντας</em></span> <span class='ocrx_word' id='word_1_274' title='bbox 704 3753 750 3822; x_wconf 72' lang='grc' dir='ltr'>εἰς</span> <span class='ocrx_word' id='word_1_275' title='bbox 777 3743 889 3823; x_wconf 80' lang='grc' dir='ltr'><em>πόλεις</em></span> <span class='ocrx_word' id='word_1_276' title='bbox 930 3745 1138 3830; x_wconf 85' lang='lat' dir='ltr'>singularem</span> <span class='ocrx_word' id='word_1_277' title='bbox 1153 3764 1297 3828; x_wconf 87' lang='lat' dir='ltr'>poenam</span> <span class='ocrx_word' id='word_1_278' title='bbox 1314 3745 1437 3810; x_wconf 76' lang='lat' dir='ltr'>nefarii</span> <span class='ocrx_word' id='word_1_279' title='bbox 1451 3768 1523 3809; x_wconf 90' lang='lat' dir='ltr'>sce-</span> 
     </span>
     <span class='ocr_line' id='line_1_35' title="bbox 300 3839 1521 3938; baseline 0.001 -28"><span class='ocrx_word' id='word_1_280' title='bbox 300 3843 518 3925; x_wconf 76' lang='grc' dir='ltr'><em>τηςἸταλίας,</em></span> <span class='ocrx_word' id='word_1_281' title='bbox 528 3839 709 3938; x_wconf 76' lang='grc' dir='ltr'><em>δςδνδονῇ</em></span> <span class='ocrx_word' id='word_1_282' title='bbox 722 3847 888 3934; x_wconf 76' lang='grc' dir='ltr'><em>Κοαέρωνο</em></span> <span class='ocrx_word' id='word_1_283' title='bbox 928 3846 1010 3910; x_wconf 88' lang='lat' dir='ltr'>laris</span> <span class='ocrx_word' id='word_1_284' title='bbox 1025 3847 1168 3909; x_wconf 85' lang='lat' dir='ltr'>inventa</span> <span class='ocrx_word' id='word_1_285' title='bbox 1184 3850 1273 3912; x_wconf 90' lang='lat' dir='ltr'>sunt.</span> <span class='ocrx_word' id='word_1_286' title='bbox 1322 3847 1521 3933; x_wconf 84' lang='lat' dir='ltr'>Municipiis</span> 
     </span>
     <span class='ocr_line' id='line_1_36' title="bbox 301 3942 1524 4034; baseline 0.001 -22"><span class='ocrx_word' id='word_1_287' title='bbox 301 3949 482 4032; x_wconf 72' lang='grc' dir='ltr'><em>τηρεῖσθαι</em></span> <span class='ocrx_word' id='word_1_288' title='bbox 511 3947 714 4029; x_wconf 68' lang='grc' dir='ltr'><em>δεδεμένους,</em></span> <span class='ocrx_word' id='word_1_289' title='bbox 743 3942 817 4034; x_wconf 73' lang='grc' dir='ltr'><em>δίχοα</em></span> <span class='ocrx_word' id='word_1_290' title='bbox 846 3943 888 4015; x_wconf 77' lang='grc' dir='ltr'>δν</span> <span class='ocrx_word' id='word_1_291' title='bbox 930 3943 1104 4032; x_wconf 85' lang='lat' dir='ltr'>dispertiri</span> <span class='ocrx_word' id='word_1_292' title='bbox 1140 3944 1248 4011; x_wconf 89' lang='lat' dir='ltr'>iubet.</span> <span class='ocrx_word' id='word_1_293' title='bbox 1301 3948 1379 4027; x_wconf 59' lang='lat' dir='ltr'>gil:</span> <span class='ocrx_word' id='word_1_294' title='bbox 1424 3949 1524 4013; x_wconf 89' lang='lat' dir='ltr'>Bona</span> 
     </span>
     <span class='ocr_line' id='line_1_37' title="bbox 300 4038 1424 4139; baseline -0.001 -25"><span class='ocrx_word' id='word_1_295' title='bbox 300 4038 339 4114; x_wconf 85' lang='grc' dir='ltr'>οὗ</span> <span class='ocrx_word' id='word_1_296' title='bbox 361 4050 628 4139; x_wconf 68' lang='grc' dir='ltr'><em>καταπολεμηθῇ</em></span> <span class='ocrx_word' id='word_1_297' title='bbox 653 4049 846 4125; x_wconf 76' lang='grc' dir='ltr'><em>Κατιλίνας.</em></span> <span class='ocrx_word' id='word_1_298' title='bbox 929 4051 1104 4132; x_wconf 87' lang='lat' dir='ltr'>praeterea</span> <span class='ocrx_word' id='word_1_299' title='bbox 1126 4046 1299 4132; x_wconf 87' lang='lat' dir='ltr'>publicari</span> <span class='ocrx_word' id='word_1_300' title='bbox 1320 4047 1424 4113; x_wconf 86' lang='lat' dir='ltr'>iubet.</span> 
     </span>
    </p>
   </div>
   <div class='ocr_carea' id='block_1_6' title="bbox 373 4285 1523 4464">
    <p class='ocr_par' dir='ltr' id='par_1_7' title="bbox 373 4285 1523 4464">
     <span class='ocr_line' id='line_1_38' title="bbox 373 4285 1014 4355; baseline -0.009 -12"><span class='ocrx_word' id='word_1_301' title='bbox 373 4291 410 4353; x_wconf 72' lang='lat'>³⁵)</span> <span class='ocrx_word' id='word_1_302' title='bbox 437 4286 485 4341; x_wconf 82' lang='lat' dir='ltr'>cfr.</span> <span class='ocrx_word' id='word_1_303' title='bbox 504 4287 758 4343; x_wconf 81' lang='lat' dir='ltr'>Welasaecker.</span> <span class='ocrx_word' id='word_1_304' title='bbox 786 4285 802 4339; x_wconf 87' lang='lat' dir='ltr'>l.</span> <span class='ocrx_word' id='word_1_305' title='bbox 821 4303 844 4340; x_wconf 91' lang='grc' dir='ltr'>ο.</span> <span class='ocrx_word' id='word_1_306' title='bbox 864 4305 889 4355; x_wconf 91' lang='lat' dir='ltr'>p.</span> <span class='ocrx_word' id='word_1_307' title='bbox 908 4285 959 4340; x_wconf 75' lang='lat'>427</span> <span class='ocrx_word' id='word_1_308' title='bbox 978 4285 1014 4337; x_wconf 88' lang='lat' dir='ltr'>in.</span> 
     </span>
     <span class='ocr_line' id='line_1_39' title="bbox 373 4388 1523 4464; baseline 0.002 -19"><span class='ocrx_word' id='word_1_309' title='bbox 373 4393 413 4457; x_wconf 71' lang='grc' dir='ltr'>ω)</span> <span class='ocrx_word' id='word_1_310' title='bbox 439 4391 521 4459; x_wconf 81' lang='lat' dir='ltr'>Apud</span> <span class='ocrx_word' id='word_1_311' title='bbox 545 4391 683 4445; x_wconf 83' lang='lat' dir='ltr'>Romanos</span> <span class='ocrx_word' id='word_1_312' title='bbox 710 4391 784 4443; x_wconf 86' lang='lat' dir='ltr'>diem</span> <span class='ocrx_word' id='word_1_313' title='bbox 808 4391 898 4456; x_wconf 81' lang='lat' dir='ltr'>spatio</span> <span class='ocrx_word' id='word_1_314' title='bbox 924 4405 940 4442; x_wconf 86' lang='lat' dir='ltr'>a</span> <span class='ocrx_word' id='word_1_315' title='bbox 966 4388 1057 4442; x_wconf 79' lang='lat' dir='ltr'>media</span> <span class='ocrx_word' id='word_1_316' title='bbox 1082 4397 1163 4445; x_wconf 86' lang='lat' dir='ltr'>nocte</span> <span class='ocrx_word' id='word_1_317' title='bbox 1190 4393 1225 4445; x_wconf 87' lang='lat' dir='ltr'>ad</span> <span class='ocrx_word' id='word_1_318' title='bbox 1252 4392 1409 4460; x_wconf 84' lang='lat' dir='ltr'>proximam</span> <span class='ocrx_word' id='word_1_319' title='bbox 1437 4413 1523 4464; x_wconf 87' lang='lat' dir='ltr'>usque</span> 
     </span>
    </p>
   </div>
   <div class='ocr_carea' id='block_1_7' title="bbox 437 4475 1344 4596">
    <p class='ocr_par' dir='ltr' id='par_1_8' title="bbox 437 4475 1344 4596">
     <span class='ocr_line' id='line_1_40' title="bbox 437 4475 1344 4596; baseline 0 -64"><span class='ocrx_word' id='word_1_320' title='bbox 437 4478 556 4556; x_wconf 73' lang='lat' dir='ltr'>mediam</span> <span class='ocrx_word' id='word_1_321' title='bbox 574 4477 709 4550; x_wconf 75' lang='lat' dir='ltr'>coutipcri</span> <span class='ocrx_word' id='word_1_322' title='bbox 725 4493 761 4559; x_wconf 59' lang='lat' dir='ltr'>pq</span> <span class='ocrx_word' id='word_1_323' title='bbox 779 4475 931 4596; x_wconf 53' lang='lat' dir='ltr'>Quinc</span> <span class='ocrx_word' id='word_1_324' title='bbox 947 4475 1035 4547; x_wconf 73' lang='lat' dir='ltr'>lde-d.</span> <span class='ocrx_word' id='word_1_325' title='bbox 1053 4493 1079 4532; x_wconf 89' lang='lat' dir='ltr'>n.</span> <span class='ocrx_word' id='word_1_326' title='bbox 1098 4495 1158 4546; x_wconf 84' lang='lat' dir='ltr'>cap.</span> <span class='ocrx_word' id='word_1_327' title='bbox 1176 4477 1219 4545; x_wconf 79' lang='grc'>23)</span> <span class='ocrx_word' id='word_1_328' title='bbox 1237 4476 1315 4532; x_wconf 78' lang='lat' dir='ltr'>eluee</span> <span class='ocrx_word' id='word_1_329' title='bbox 1324 4481 1344 4532; x_wconf 90' lang='lat' dir='ltr'>t.</span> 
     </span>
    </p>
   </div>
   <div class='ocr_carea' id='block_1_8' title="bbox 0 0 1604 4980">
    <p class='ocr_par' dir='ltr' id='par_1_9' title="bbox 0 0 1604 4980">
     <span class='ocr_line' id='line_1_41' title="bbox 0 0 1604 4980; baseline 0 0"><span class='ocrx_word' id='word_1_330' title='bbox 0 0 1604 4980; x_wconf 95' lang='lat' dir='ltr'> </span> 
     </span>
    </p>
   </div>
  </div>
 </body>
</html>
