3198 4980
875 285 918 356 22

296 488 485 558 etlittcras
507 488 673 560 derebus
695 489 902 559 Catilinariis
925 489 1109 582 scriptas²⁹l
1132 489 1347 582 attulisscffl),
1370 513 1437 581 quo
1460 489 1519 562 in·

298 593 388 660 dicio
409 593 681 662 confirmavisset
701 595 979 662 coniurationem.
1024 595 1134 674 Quum
1155 595 1198 661 oh
1219 617 1292 674 rem
1313 618 1391 662 cum
1412 596 1519 662 dubi-

303 694 371 760 tari
397 701 559 781 nequeat,
593 695 677 781 quin
696 697 904 764 Plutarchus
931 703 1078 784 atroque
1105 696 1179 764 loco
1207 697 1298 762 idem
1328 696 1519 780 rettulerit,

300 795 369 862 nisi
395 797 488 882 quod
516 795 571 862 hic
599 797 738 862 uberius
768 798 1022 887 copiosiusque,
1059 798 1131 864 illic
1157 799 1295 870 brevius
1328 799 1366 866 id
1392 799 1519 894 solum,

298 898 390 984 qnod
411 898 456 963 ad
478 899 637 964 Crassum
658 901 868 985 pertinebat,
898 901 1107 989 exposuerit,
1129 902 1218 968 hanc
1239 921 1375 987 quoqne
1395 921 1519 968 narra-

300 1000 444 1081 tionem,
473 1019 575 1084 quam
595 997 633 1062 in
653 998 726 1064 vita
749 1001 923 1067 Ciceronis
944 999 1104 1086 legimus,
1137 1024 1179 1066 ex
1206 1001 1300 1068 illius
1319 1001 1407 1069 libro
1429 1007 1519 1091 ‚napi

301 1106 468 1184 inaratae
497 1102 570 1169 sive
597 1103 640 1168 de
661 1103 839 1168 consulatu
865 1101 993 1190 scripto
1022 1125 1096 1168 esse
1123 1104 1266 1191 petitam
1292 1103 1519 1170 manifestum

298 1209 358 1270 est.
401 1205 517 1290 Atque
546 1225 588 1269 ex
617 1203 677 1270 illo
705 1203 781 1269 loco
810 1224 1015 1289 cognoscere
1035 1225 1229 1291 possumus,
1262 1226 1363 1292 quem
1383 1226 1518 1272 morem

296 1305 459 1372 laudandi
481 1306 678 1393 scriptores,
712 1305 836 1390 quibus
864 1325 947 1368 usus
970 1309 1037 1388 est,
1067 1306 1273 1372 Plutarchus
1296 1311 1433 1372 secutus
1456 1307 1516 1371 sit.

301 1407 389 1474 Nam
410 1429 487 1473 cnm
508 1406 545 1473 in
565 1406 639 1472 vita
660 1406 775 1472 Crassi
796 1405 1040 1473 conscribenda
1061 1428 1102 1473 eo
1123 1406 1346 1495 pervenisset,
1368 1411 1408 1478 ut
1429 1429 1517 1492 quc·

299 1511 400 1578 modo
434 1509 493 1575 ille
524 1508 561 1575 in
590 1509 824 1575 coniuratione
854 1507 1053 1574 Catilinaria
1085 1529 1121 1572 se
1153 1508 1316 1594 gessisset
1347 1515 1515 1592 narraret,
1579 1529 1580 1590 ,

296 1610 493 1678 memoriam
513 1609 688 1678 revocavit
710 1609 882 1678 Ciceronis
905 1609 1153 1692 commentarii,
1176 1609 1236 1695 qni
1255 1608 1417 1676 inhnius
1438 1611 1515 1678 vita

297 1710 405 1778 multo
427 1716 506 1778 ante
521 1710 629 1778 vitam
642 1710 756 1776 Crassi
777 1709 1004 1798 composita³¹)
1027 1709 1059 1775 ei
1072 1731 1217 1796 magnae
1230 1709 1343 1776 fuerat
1357 1711 1510 1795 utilitati,

298 1817 401 1897 atque
422 1810 483 1876 ubi
503 1810 650 1900 primum
678 1810 721 1876 ab
749 1832 788 1876 eo
815 1810 946 1877 fontem
968 1832 1067 1878 suum
1089 1811 1281 1898 discrepare
1302 1811 1405 1896 vidit,
1431 1834 1508 1898 gra-

300 1911 477 1980 vissimum
504 1918 628 1980 testem
655 1911 792 1980 nomine
820 1910 976 1998 apposito
1005 1910 1134 1978 citavit.
1196 1911 1244 1976 At
1271 1911 1309 1976 in
1338 1911 1511 1978 Ciceronis

296 2014 378 2099 vita,
401 2015 482 2101 quia
510 2013 615 2082 1111111
642 2034 713 2081 non
740 2011 877 2095 habuit,
907 2012 963 2078 cui
984 2018 1172 2102 opponeret
1192 2013 1299 2096 illum,
1322 2013 1395 2082 eins
1417 2036 1512 2080 men-

295 2115 424 2182 tionem
444 2136 516 2182 non
535 2114 627 2181 fecit.
670 2114 792 2200 Itaque
811 2134 950 2202 prorsus
965 2112 1053 2178 nihil
1067 2113 1172 2180 habet
1185 2113 1264 2180 miri
1277 2113 1513 2198 Plutarchum,

296 2239 398 2303 quem
426 2221 562 2283 secutus
595 2220 648 2280 est
678 2235 785 2286 unum
816 2213 953 2298 ducem,
985 2213 1042 2278 hic
1074 2235 1144 2281 non
1178 2216 1513 2302 commemorasse³²l

298 2320 411 2398 Quare
433 2340 510 2388 cum
531 2318 620 2384 hanc
640 2317 871 2386 narrationem
893 2315 936 2384 de
951 2316 1072 2383 Crasso
1088 2337 1130 2380 cx
1145 2315 1317 2382 Ciceronis
1341 2337 1512 2382 commen-

295 2421 382 2487 tario
405 2421 622 2509 desumptum
643 2441 717 2485 csse
732 2422 909 2506 appareat,
933 2417 1043 2483 eidem
1064 2417 1159 2483 fonte
1181 2438 1222 2483 ea
1244 2437 1396 2502 quoque,
1420 2439 1510 2503 quae

296 2524 339 2590 dc
359 2522 516 2608 Arric³⁸),
547 2522 589 2587 de
611 2520 756 2602 Manlio,
787 2521 830 2586 de
857 2524 994 2586 senatus
1022 2519 1178 2585 consulto
1200 2517 1399 2603 traduntur,
1427 2520 1510 2587 Plu-

371 2840 410 2906 ¹⁶)
429 2837 560 2893 Codicum
584 2837 666 2892 lectio
685 2831 872 2914 ,κομίζοντα
887 2831 960 2916 περὶ
976 2831 1036 2895 τοῦ
1050 2829 1216 2896 Κατιλίνα
1231 2832 1286 2897 καί
1301 2830 1513 2914 ζητουμένην

344 2964 346 2968 -
432 2935 563 3002 comupta
581 2935 623 2987 est
639 2947 728 3000 neque
745 2931 811 2985 ferri
828 2933 928 3000 potest.
964 2930 1055 2998 Atque
1073 2928 1262 3000 Sintenisium,
1278 2929 1436 2984 Plutarchei
1453 2948 1508 2982 ser·

435 3018 525 3074 monis
554 3017 766 3089 peritissimum,
801 3016 960 3072 coniectura
991 3013 1144 3070 certissima
1175 3015 1250 3070 hunc
1278 3015 1370 3070 locum
1396 3031 1509 3069 sanasse

431 3129 544 3182 censeo,
585 3128 649 3168 cum
676 3112 810 3168 scriberet
843 3104 1031 3188 ,κομίζοντα
1065 3097 1109 3168 ml
1142 3107 1216 3192 περὶ
1251 3107 1312 3170 τοῦ
1348 3105 1510 3169 Κατιλίνα

428 3206 672 3293 ἐξηγουμένην1;
709 3229 779 3282 quae
812 3211 923 3280 quidem
954 3211 1001 3266 alii
1033 3211 1224 3281 coniecerunt,
1265 3211 1404 3269 reicienda
1440 3211 1511 3266 mihi

430 3307 566 3364 videntur.

370 3414 409 3480 ⁸⁰)
431 3411 474 3467 Ne
496 3411 565 3467 haec
589 3409 701 3480 quidem
725 3408 881 3463 Drumanni
905 3408 990 3462 verba
1014 3408 1067 3477 (V,
1094 3407 1154 3477 458,
1172 3406 1221 3475 48)
1248 3412 1323 3463 recte
1349 3427 1378 3464 11
1407 3409 1511 3465 habere

432 3497 566 3556 arbitror:
593 3497 640 3568 ,Es
657 3495 694 3549 ist
710 3494 791 3552 nicht
807 3493 965 3566 glaublich,
993 3493 1057 3548 dass
1083 3492 1137 3548 allo
1154 3493 1244 3550 Bricfc
1267 3493 1312 3550 boi
1331 3495 1443 3554 Crassus
1462 3495 1509 3549 ab·

431 3585 555 3655 gegeben
572 3582 693 3640 amdan.
728 3582 801 3638 Plnt.
820 3581 889 3636 wird
906 3581 987 3634 dsrin
1005 3578 1189 3643 vonDio3l‚
1209 3579 1430 3650 3111111111ί
1459 3582 1513 3635 Dio

433 3671 506 3726 enim
523 3671 578 3726 hoc
594 3669 684 3725 solum
702 3668 788 3726 tradit
800 3667 959 3723 Ciceronem
976 3666 1115 3736 accepisse
1132 3665 1265 3735 epistulas
1284 3671 1312 3722 et
1330 3666 1366 3722 ad
1383 3668 1512 3722 Crassum

434 3759 462 3810 et
480 3755 516 3810 sd
534 3756 603 3812 ulios
621 3754 752 3825 scriptam
771 3752 898 3822 idemque
916 3752 1084 3810 Plutarchus
1101 3756 1207 3807 narrat.

340 3897 342 3902 ,
375 3862 413 3925 ⁸¹)
438 3857 487 3914 cfr.
511 3859 615 3929 Lion,
643 3858 678 3914 de
707 3857 804 3916 ordine
832 3873 887 3926 quc
917 3856 957 3911 Pl.
988 3855 1059 3912 vitas
1087 3856 1236 3925 scripserit.
1278 3857 1351 3912 (iott
1376 3856 1457 3913 1837.
1486 3863 1514 3912 et

431 3944 636 4013 Michaelis,
653 3944 688 4000 do
705 3944 803 4000 ordine
819 3943 939 4000 vitarum
956 3959 1016 4016 par.
1034 3940 1074 3996 Pl.
1104 3941 1193 3998 Berol.
1212 3941 1287 3999 1875.

376 4049 415 4115 ω)
439 4046 488 4101 cir.
508 4049 541 4101 A.
558 4045 729 4117 Schmidt,
753 4049 808 4102 Das
832 4046 932 4101 Perilrl.
957 4045 1093 4101 Zaitalter.
1124 4046 1158 4115 ll,
1181 4063 1208 4115 p.
1231 4045 1279 4114 503
1310 4046 1427 4116 Peter,
1451 4047 1470 4101 1.
1489 4065 1511 4102 c.

428 4151 455 4202 p.
472 4132 515 4189 41.
534 4132 593 4189 107.

372 4241 409 4307 ⁸¹)
435 4237 518 4292 lllum
547 4235 724 4307 1111111111,
756 4237 846 4290 virum
871 4235 1054 4306 praetorium,
1086 4233 1230 4305 probabile
1258 4234 1367 4289 videtur
1394 4234 1513 4288 eundem

432 4339 504 4394 esse,
528 4341 610 4394 quem
628 4321 767 4378 Ciceronis
786 4322 951 4378 familiarem
969 4320 1054 4376 luisse
1071 4321 1198 4376 novimus
1223 4321 1286 4387 (cfr.
1305 4319 1444 4376 invitia.
1463 4321 1511 4388 ³⁰3

431 4409 605 4558 {rudini}
633 4408 790 4480 111111,
812 4406 918 4482 17,11;
945 4407 984 4482 11,
1000 4405 1032 4482 t,
1054 4406 1085 4478 23
1112 4406 1137 4478 1,
1153 4407 1182 4476 3;
1217 4405 1513 4478 1111111118,
