3198 4980
689 305 731 371 33

111 514 332 582 conferamus.
377 510 445 578 Sed
472 511 554 576 licet
582 509 696 576 desint
715 508 799 593 loci,
831 514 947 576 tamen
967 507 1191 578 Plutarchum
1220 513 1322 579 etiam

110 605 244 683 haece
274 616 437 680 Cicerone
464 610 620 676 hausisse
653 610 849 676 coniectura
883 613 1157 700 probabilissima
1187 616 1323 702 assequi

111 739 308 806 possumus,
338 715 418 800 quia
439 712 527 778 nihil
546 713 711 798 legimus,
743 712 834 798 quod
856 714 898 778 ab
919 714 1021 780 huius
1043 737 1135 782 more
1157 719 1325 802 modoque
1420 781 1424 790 ,

111 820 173 884 has
195 840 249 883 res
272 814 452 884 enarrandi
474 814 652 901 discrepet.
696 814 854 899 Accedit,
884 815 976 900 quod
1004 837 1226 903 quaecunque
1247 839 1325 883 nar·

110 927 231 986 rantur
248 939 354 1004 eaque
367 917 544 1005 imprimis,
567 937 654 1001 quae
670 915 867 980 Ciceronem
883 923 1048 1002 spectant,
1071 919 1324 985 accuratissime

111 1023 281 1108 exscripta
301 1019 464 1086 videntur
486 1040 526 1084 ex
549 1022 701 1100 auctore,
725 1016 784 1102 qui
804 1016 907 1082 rebus
929 1018 1002 1104 ipsc
1022 1018 1180 1086 interfuit
1202 1022 1324 1088 oculis-

110 1145 177 1209 que
198 1123 268 1188 suis
291 1121 414 1188 cuncta
434 1121 574 1204 vitiet),

194 1223 264 1289 Sed
285 1224 328 1288 ad
350 1223 487 1309 singula
509 1222 696 1289 veniamus.

194 1327 309 1411 Atque
330 1326 467 1391 tertiam
489 1325 676 1391 orationem
699 1323 948 1406 Catilinariam,
982 1344 1083 1409 quam
1110 1325 1224 1391 verbis
1256 1326 1325 1412 ,ἤδη

110 1428 139 1495 δ’
166 1435 305 1516 ἑσπέρας
332 1426 432 1511 οὔσης
453 1433 506 1496 καὶ
529 1433 589 1496 τοῦ
611 1426 716 1512 δήμου
738 1433 972 1513 περιμένοντος
993 1425 1128 1515 ἀθρόου
1149 1427 1326 1518 προελθὼν

112 1530 131 1596 ὁ
146 1532 293 1618 Κικέρων
307 1534 362 1597 καὶ
386 1527 518 1622 φράσας
534 1525 573 1596 τὸ
589 1533 726 1615 πρᾶγμα
741 1539 812 1606 τοῖς
826 1530 987 1606 πολίταιςι
1004 1527 1192 1613 significari
1211 1551 1327 1595 omnes

113 1630 301 1695 concedent
327 1630 395 1693 nisi
421 1629 480 1715 qui
507 1629 596 1694 hanc
619 1627 769 1714 spuriam
797 1649 871 1692 esse
893 1629 1092 1715 opinantur,
1122 1652 1142 1695 a
1163 1631 1326 1698 Cicerone

109 1729 263 1796 habitam
291 1753 382 1815 esse,
413 1753 490 1796 oum
517 1731 585 1795 iam
607 1730 881 1816 advesperasset,
912 1731 1100 1797 rectissime
1121 1732 1326 1799 Plutarchus

110 1833 293 1898 memoriae
313 1831 442 1920 prodit;
465 1832 502 1896 id
520 1831 611 1917 quod
627 1852 832 1917 quamquam
846 1830 972 1897 diserte
986 1855 1155 1918 nusquam
1169 1836 1341 1920 traditur,

111 1934 270 2000 concludi
281 1941 395 2000 tamen
408 1940 522 2022 potest
534 1957 576 1998 ex
587 1934 694 2021 ipsius
705 1933 878 1998 Ciceronis
890 1939 1042 2000 oratione
1054 1934 1128 2021 (cfr.
1139 1937 1212 2001 Cat.
1223 1939 1252 2022 3,
1262 1939 1326 2022 29).

112 2037 187 2102 Hoc
217 2058 350 2122 quoque
379 2037 664 2103 verisimillimum
680 2024 831 2102 ¹videtur
860 2035 1058 2101 Ciceronem
1088 2057 1107 2101 a
1135 2039 1261 2126 populo
1290 2040 1328 2104 in

113 2138 213 2203 aedes
237 2138 336 2203 amici
352 2138 528 2204 cuiusdam
543 2138 651 2204 vicini
666 2137 851 2203 deductum
867 2158 949 2221 esse,
973 2159 1050 2202 cum
1066 2137 1174 2225 ipsius
1190 2140 1328 2206 domum

112 2237 271 2306 mulieres
312 2261 437 2306 arcana
467 2240 585 2306 Bonae
617 2241 710 2305 Deae
747 2259 842 2304 sacra
875 2239 1086 2304 celebrantes
1115 2234 1328 2307 obtinerent.

111 2342 213 2406 Cives
236 2342 344 2426 enim,
367 2364 512 2428 quorum
533 2343 664 2408 animos
686 2347 760 2407 tota
782 2341 1018 2407 coniuratione
1032 2341 1204 2430 patefacta
1223 2343 1327 2410 vehe-

110 2437 242 2509 menter
263 2464 442 2531 percussos
464 2443 571 2509 fuisse
593 2449 628 2508 et
649 2465 711 2530 per
733 2449 887 2533 se-patet
902 2453 936 2508 et
952 2442 1108 2509 Sallustii
1130 2444 1327 2510 testimonio

112 2544 345 2629 confirmatur,
369 2545 500 2611 consuli
523 2568 599 2611 cum
629 2567 700 2610 rem
726 2545 900 2633 publicam
930 2567 948 2610 e
978 2566 1109 2611 summo
1131 2545 1328 2612 discrimine

25 2707 29 2714 .
113 2645 279 2732 eripuisse
295 2646 479 2731 videretur,
500 2649 630 2734 gratias
646 2669 747 2732 quam
762 2647 926 2713 maximas
940 2647 1101 2713 habuisse
1116 2648 1153 2714 in
1168 2654 1329 2736 promptu

112 2752 174 2811 est.
218 2747 400 2815 Manifesto
423 2771 505 2815 vero
529 2749 702 2832 Ciceronis
725 2748 874 2833 vestigia
902 2748 940 2813 in
969 2769 1008 2814 eo
1031 2748 1329 2836 deprehendimus,

113 2848 205 2933 quod
226 2847 430 2916 Plutarchus
453 2850 627 2917 consulem
648 2850 709 2915 iIla
730 2854 831 2914 nocte
854 2849 1100 2922 deliberantem
1121 2850 1219 2935 fecit,
1246 2851 1329 2936 quid

111 2949 155 3015 de
176 2949 235 3034 iis,
269 2972 353 3036 quos
377 2958 527 3038 ceperat,
561 2957 733 3019 statueret.
779 2952 858 3038 Ipse
880 2951 972 3016 enirn
993 2951 1102 3036 solus,
1138 2975 1225 3039 quae
1256 2959 1328 3018 tum

112 3058 228 3118 mente
251 3053 411 3140 agitavit,
442 3054 569 3141 optime
591 3055 678 3119 scire
700 3060 735 3119 et
756 3053 948 3119 describere
969 3053 1092 3140 potnit.
1137 3053 1256 3137 Neque
1276 3052 1328 3116 in·

113 3154 270 3220 consulto
292 3177 448 3222 narrasse
470 3156 608 3224 videtur
630 3180 682 3241 se,
715 3179 793 3223 cum
814 3156 913 3222 initio
935 3157 973 3221 in
994 3159 1329 3240 utramquepartem

111 3255 227 3322 animo
255 3256 315 3322 diu
341 3257 555 3345 multumque
584 3259 822 3342 deliberasset,
856 3258 939 3345 quid
968 3258 1011 3323 de
1041 3255 1227 3322 coniuratis
1253 3254 1330 3320 fieri

112 3357 231 3442 vellet,
266 3359 405 3426 deorum
435 3359 677 3427 imm0rtah‘um
706 3366 795 3427 nutu
817 3359 1028 3426 admonitum
1055 3380 1145 3442 esse,
1175 3363 1215 3423 ut
1239 3378 1328 3444 quae

114 3479 176 3545 pro
198 3460 329 3546 patriae
352 3461 461 3527 salute
484 3462 684 3548 cogitasset,
704 3461 813 3529 libere
835 3468 871 3527 et
893 3467 1033 3526 strenuo
1048 3459 1244 3548 perficeret,
1267 3459 1327 3524 sed

115 3581 156 3624 eo
178 3562 319 3629 consih‘o
341 3563 378 3629 id
399 3564 522 3629 fecisse
544 3563 790 3629 existimandus
813 3568 881 3647 est,
903 3568 943 3627 ut
965 3563 1082 3628 odium
1104 3565 1139 3626 et
1159 3559 1327 3627 invidiam

113 3663 158 3728 ob
184 3663 452 3732 internecionem
474 3665 602 3732 civium
624 3671 733 3732 ortam
755 3664 981 3730 imminuerat.
1018 3653 1174 3749 Namque
1188 3662 1256 3727 iam
1271 3682 1325 3726 ex·

113 3765 230 3831 tremis
252 3767 334 3831 anm'
349 3767 470 3833 LXIII
492 3766 612 3834 diebus
635 3768 673 3832 L.
690 3766 895 3855 Calpurnius
916 3765 1035 3831 Bestia
1057 3769 1092 3830 et
1107 3764 1144 3842 Q.
1161 3763 1328 3830 Caecilius

113 3866 271 3933 Metellus
294 3862 408 3957 Nepos
438 3869 569 3936 tribuni
590 3870 635 3957 pl.
667 3891 744 3934 eum
766 3890 891 3936 vexare
914 3872 1101 3954 coeperunt
1122 3872 1225 3952 atque
1246 3865 1327 3929 inde

111 3970 155 4035 ab
185 3969 251 4036 hoc
277 3976 431 4058 tempore
456 3993 526 4038 non
547 3970 744 4053 defuerunt,
778 3970 837 4056 qui
866 3989 953 4054 quae
982 3989 1044 4054 pro
1074 3967 1247 4034 communi
1275 3966 1327 4031 rei

111 4071 270 4161 publicae
292 4073 442 4139 utilitate
468 4094 605 4160 unoque
635 4072 787 4138 omnium
816 4087 984 4136 consensu
1005 4068 1152 4154 gessisse
1175 4075 1210 4134 et
1229 4088 1327 4157 prae-

112 4175 299 4241 clarissime
320 4175 505 4263 perfecisse
526 4175 593 4242 sibi
614 4173 810 4257 videbatur,
843 4172 874 4237 ei
903 4171 1038 4236 crimini
1060 4171 1190 4236 darent.
1234 4169 1327 4246 Qum

112 4279 217 4344 etiam
226 4277 265 4348 L.
278 4277 446 4344 Manlium
456 4277 676 4364 Torquatum,
698 4297 775 4342 cum
787 4274 918 4342 Sullam
929 4279 1113 4358 accusaret,
1135 4292 1328 4359 ,suppressa

189 4521 228 4588 ⁴²)
252 4520 301 4578 clr.
320 4518 570 4580 Weiaeaeckar.
589 4520 606 4574 l.
627 4537 650 4577 c.
668 4537 694 4590 p.
713 4518 772 4575 426.
1156 4589 1172 4638 a
