3198 4980
243 485 280 560 in
310 515 372 562 sua
399 492 532 561 ratione
561 497 725 565 munitior
761 504 796 565 et
824 500 861 564 in
889 520 927 564 re
954 495 1090 586 publica
1118 495 1246 563 firmior
1279 494 1344 562 hac
1374 515 1454 563 eon·

240 596 415 664 iunctione
438 620 511 665 esse
526 601 653 688 possit‘.
688 603 809 689 Itaque
824 603 1021 668 Ciceronem
1040 601 1142 666 etiam
1157 599 1194 666 in
1211 600 1453 666 commentario

244 721 305 764 suo
327 722 405 767 eum
435 722 542 788 aeque
571 708 673 789 atque
702 705 738 770 in
760 702 968 770 Catilinariis
992 703 1061 767 suis
1084 725 1264 768 exornasse
1293 710 1328 769 et
1357 705 1454 789 quasi

239 802 441 891 participem
452 801 574 869 fecisse
589 805 700 871 laudis
716 827 896 895 oppressae
908 805 1152 870 coniurationis
1167 804 1453 871 verisimillimum

240 909 301 972 est.
345 905 464 991 Neque
493 907 592 973 aliter
613 906 818 972 Plutarchus
849 912 883 971 et
904 907 970 972 hoc
991 907 1065 971 loco
1097 911 1131 970 et
1158 906 1192 969 in
1217 927 1288 993 cap.
1311 905 1398 972 XIV
1420 914 1455 972 et

240 1027 267 1069 e.
290 1004 414 1071 XVIII
448 1007 590 1094 Pompei
626 1006 834 1072 mentionem
871 1006 969 1088 feoit;
1007 1011 1099 1071 certo
1129 1007 1218 1072 enim
1248 1009 1302 1073 his
1339 1008 1453 1074 verbis

240 1103 469 1193 significatur,
502 1109 656 1174 homines
685 1109 761 1175 illos
783 1109 999 1175 turbulentos
1022 1115 1056 1173 et
1077 1109 1273 1193 seditiosos,
1304 1111 1333 1175 si
1354 1111 1454 1176 Pom-

238 1209 352 1296 peiae,
393 1215 486 1276 tutor
525 1210 636 1293 urbia,
682 1211 864 1294 adt'nisset,
908 1233 979 1277 rem
1014 1212 1187 1299 publicam
1225 1233 1349 1276 vexare
1385 1235 1455 1279 non

236 1331 378 1377 ausuros
400 1311 515 1378 fuisse.

322 1413 416 1492 Quae
457 1415 711 1500 subsequuntur
748 1415 790 1478 de
827 1413 994 1480 Catilinae
1037 1413 1188 1478 moribus
1228 1413 1272 1478 ad
1313 1416 1454 1480 eandem

238 1515 475 1581 auctoritatem
503 1516 683 1581 referenda
711 1539 785 1580 esse
813 1519 907 1603 puto.
965 1515 1119 1600 Namque
1153 1515 1350 1580 Ciceronem
1385 1537 1456 1581 non

239 1617 339 1682 modo
362 1623 539 1705 corruptos
555 1618 722 1683 Catilinae
743 1640 853 1683 mores
875 1629 1086 1705 pravumque
1105 1617 1282 1703 ingenium
1297 1617 1453 1704 pluribus

241 1715 476 1804 descripsisse,
506 1718 566 1784 sed
596 1719 698 1784 etiam
720 1718 834 1783 omnia
856 1719 983 1784 scelera
1004 1717 1203 1804 flagitiaque
1232 1723 1389 1783 accurate
1419 1718 1456 1783 in

241 1820 482 1885 commentario
520 1843 581 1885 suo
622 1841 838 1885 enumerasse
876 1819 975 1885 facile
1011 1818 1190 1902 concedet,
1234 1819 1294 1904 qui
1329 1824 1457 1905 quanta

237 1919 436 2005 acerbitate,
468 1928 595 2006 quanta
616 1922 833 1988 vehementia
855 1943 932 1986 eum
954 1943 1087 2009 semper
1108 1919 1382 2007 increpitaverit,
1414 1943 1455 1986 ex

238 2025 400 2105 quattuor
428 2022 638 2088 orationibus
668 2023 705 2087 in
733 2021 831 2088 illum
852 2022 979 2086 habitis
1001 2021 1145 2087 noverit.
1191 2020 1266 2098 Quo
1288 2021 1456 2087 accedunt

237 2118 401 2207 reliquiae
423 2123 587 2189 orationis
608 2123 645 2188 in
666 2129 749 2209 toga
770 2121 915 2189 candida
935 2123 1073 2187 habitae
1095 2128 1130 2187 et
1152 2122 1312 2187 Caeliana
1335 2123 1455 2206 oratic,

241 2243 445 2307 quamquam
464 2225 520 2290 hic
532 2225 644 2314 -paulo
659 2228 794 2314 parcius
817 2225 1020 2310 molliusque
1036 2224 1219 2290 Catilinam
1233 2224 1453 2313 vituperavit,

127 2397 129 2404 γ
239 2343 283 2386 ne
299 2322 405 2388 Caelii
427 2345 548 2390 causae
570 2324 672 2390 nimis
693 2333 841 2392 noceret.
885 2325 995 2404 Quam
1015 2348 1088 2390 rem
1101 2329 1234 2391 utinam
1248 2326 1453 2392 Plutarchus

239 2423 378 2489 uberius
400 2427 596 2492 tractasset!
625 2449 704 2492 nam
727 2431 824 2492 tanta
844 2426 1014 2491 brevitate
1036 2426 1168 2512 attigit,
1191 2432 1231 2491 ut
1253 2426 1326 2492 eius
1350 2428 1457 2492 verba

239 2547 317 2590 cum
338 2527 443 2614 'copia
470 2528 745 2595 testimoniorum
774 2551 815 2592 ex
842 2528 1005 2595 Cicerone
1040 2528 1226 2615 petitorum
1262 2549 1457 2615 comparare

242 2625 382 2702 difficile
422 2629 475 2694 sit.
541 2629 641 2708 Quod
679 2632 817 2718 quidem
848 2631 1053 2696 Plutarchus
1086 2629 1195 2717 primo
1231 2629 1305 2696 loco
1342 2631 1459 2717 posuit

242 2723 424 2794 Catilinam
448 2729 555 2796 fuisse
577 2732 739 2797 audacem
760 2731 950 2814 hominem,
981 2731 1082 2796 etiam
1104 2753 1124 2796 a
1146 2731 1309 2796 Cicerone
1331 2731 1458 2817 ubique

239 2834 321 2894 ante
337 2832 450 2898 omnia
465 2833 640 2918 diciturff).
672 2834 792 2920 Neque
807 2835 940 2918 desunt,
957 2856 1043 2919 quae
1060 2833 1242 2899 Catilinam
1255 2852 1457 2916 magnarum

242 2951 356 3000 rerum
382 2938 599 3021 appetentem
629 2942 664 3000 et
684 2935 819 3001 varium
847 2934 986 3020 ingenio
1016 2957 1035 2999 a
1058 2935 1220 3000 Cicerone
1250 2932 1458 3020 descriptum

241 3057 314 3100 esse
337 3036 528 3102 ostendant.
593 3036 715 3101 Nonne
745 3037 789 3101 ad
817 3036 902 3101 illud
931 3035 1147 3102 referendum
1175 3033 1338 3118 videtur,
1366 3035 1459 3119 quod

243 3141 361 3208 Cicero
382 3161 545 3228 persaepe
566 3139 782 3227 pronuntiat,
811 3139 993 3204 Catilinam
1020 3136 1234 3202 consulatum
1254 3135 1394 3225 petiisse
1424 3142 1459 3200 et

232 3243 279 3309 ⁴in
299 3242 412 3309 animo
434 3242 595 3307 habuisse
618 3240 840 3307 conversione
862 3239 912 3305 rei
926 3238 1083 3326 publicae
1097 3237 1189 3302 facta
1202 3259 1317 3302 rerum
1330 3235 1457 3324 potiri‘?

227 3348 308 3412 *hoc
330 3346 367 3411 in
389 3345 548 3410 Caeliana
568 3341 709 3431 respicit
737 3345 768 3425 (ξ
786 3342 834 3405 13.
858 3341 926 3424 14),
957 3362 1034 3406 cum
1057 3361 1133 3405 eum
1155 3346 1225 3405 tam
1248 3339 1352 3423 ,varia
1373 3339 1457 3403 mul·

237 3447 426 3536 -tiplicique
450 3449 582 3511 natura‘
611 3442 717 3509 fuisse
747 3442 902 3529 pluribus
925 3441 1087 3530 explicet,
1117 3449 1157 3507 ut
1187 3462 1333 3524 ,versare
1362 3462 1457 3506 suam

210 3589 212 3616 i
242 3555 405 3616 naturam*
428 3553 462 3615 et
485 3568 605 3632 regere
632 3545 675 3610 ad
696 3550 830 3631 tempus
860 3548 962 3627 atque
990 3543 1058 3608 huc
1081 3550 1115 3608 et
1136 3543 1217 3608 illuc
1239 3548 1398 3627 torquere
1419 3564 1458 3606 ac

241 3651 388 3716 flectore‘
409 3653 543 3738 posset.
585 3645 791 3712 Plutarchus
813 3643 953 3727 deinde,
984 3666 1070 3728 quae
1099 3643 1233 3729 flagitia
1262 3643 1457 3728 sceleraque

243 3754 391 3820 Catilina
422 3751 576 3833 admisit,
614 3748 750 3834 singula
786 3769 856 3812 non
889 3747 1117 3828 enumeravit,
1159 3745 1219 3810 sed
1252 3767 1292 3809 ea
1325 3750 1459 3809 tantum

243 3853 461 3937 memoravit,
503 3875 589 3937 quae
618 3849 815 3916 taeterrima
842 3849 1056 3933 maximeque
1084 3847 1215 3912 nefaria
1243 3845 1457 3911 videbantur.

244 3959 359 4043 Atque
375 3956 557 4021 Catilinam
579 3974 656 4018 cum
680 3951 752 4016 filia
772 3950 995 4016 concubuisse
1017 3948 1120 4013 etiam
1136 3971 1156 4012 a
1171 3947 1334 4013 Cicerone
1350 3947 1456 4032 signi·

244 4061 367 4126 ficetur
389 4058 440 4144 (in
462 4077 509 4121 or.
531 4055 568 4120 in
589 4059 658 4139 tog.
681 4053 777 4120 caud.
799 4077 832 4140 p.
855 4054 910 4138 93)
932 4052 985 4117 his
1007 4051 1137 4118 verbis:
1161 4073 1248 4135 ,cum
1277 4073 1318 4116 ex
1341 4050 1459 4116 eodem

317 4301 354 4365 ¹¹)
385 4297 434 4352 cfr.
459 4295 516 4350 Cat.
541 4294 616 4364 1,1:
645 4309 726 4362 quem
754 4292 789 4345 ad
818 4295 901 4346 finem
928 4310 986 4346 scae
1015 4291 1148 4345 effrenata
1176 4290 1292 4344 iactabit
1322 4289 1458 4343 audacia?

381 4383 439 4438 Cat.
457 4383 483 4451 3,
501 4381 542 4436 lt.
560 4381 607 4447 17;
631 4395 683 4450 pro
701 4379 772 4432 Mur.
791 4378 832 4433 17.
868 4379 913 4432 Or.
933 4378 997 4432 129:
1022 4377 1141 4432 Catilina
1159 4378 1242 4436 homo
1260 4376 1459 4434 audacissimus

382 4489 399 4524 a
415 4469 496 4524 nobis
516 4469 545 4521 in
563 4470 661 4521 senatu
679 4468 828 4520 accusatus
841 4464 986 4522 obmutuit.
