3198 4980
869 291 915 360 26

367 493 474 561 Vides
495 493 602 580 igitur
622 493 707 560 haec
729 496 843 562 onmia
865 517 906 562 ex
929 496 1103 563 Ciceronis
1124 496 1327 572 auctoritate
1347 494 1506 586 pendere

289 595 437 682 exceptis
460 594 526 679 eie,
556 616 643 682 quae
664 595 869 665 Plutarchus
891 598 933 664 de
955 598 1024 663 situ
1046 597 1140 664 aedis
1162 597 1254 666 Iovis
1277 598 1424 665 Statoris
1446 599 1505 664 in·

285 695 461 784 terposuit.
511 697 575 762 Est
611 697 701 763 enim
735 698 808 765 eius
841 697 1068 783 consuetudo,
1105 720 1206 786 quam
1238 699 1428 766 sexcenties
1462 700 1504 764 in

283 797 380 862 libris
411 799 483 864 eius
511 798 754 886 deprehendis,
786 801 975 866 narrationi
1003 799 1086 866 talia
1114 799 1304 886 inserendi,
1333 800 1502 886 quoniam

284 901 373 966 vitas
396 899 562 966 clarorum
585 900 737 966 virorum
758 900 924 988 imprimis
946 901 1086 968 Graecis
1115 901 1310 968 hominibus
1332 901 1503 988 legendas

283 1021 472 1089 proponere
492 999 611 1068 voluit.

368 1103 416 1167 At
446 1107 586 1190 propter
623 1122 663 1167 ea
697 1123 784 1188 quae
813 1101 1068 1190 subsequuntur
1105 1105 1134 1186 ,ὁ
1168 1108 1315 1194 Κικέρων
1346 1103 1503 1184 ἀναστὰς

284 1206 542 1294 προσέταξεν
571 1203 662 1290 αὐτῷ
697 1209 758 1287 τῆς
790 1203 915 1284 πόλεως
953 1204 1242 1274 ἀπαλλάττεσθαι“
1273 1204 1501 1270 Plutarchum

283 1305 351 1370 iam
373 1309 506 1371 veteres
527 1304 730 1391 interpretes
753 1306 1063 1392 reprehenderunt,
1095 1328 1173 1372 cum
1194 1305 1313 1372 consul
1333 1326 1404 1371 non
1425 1305 1499 1372 ius·

282 1407 384 1472 sisset
406 1405 588 1470 Catilinam
609 1405 659 1470 ire
680 1405 718 1470 in
740 1406 912 1491 exsilium,
940 1407 1001 1472 sed
1022 1407 1186 1474 suasisset
1205 1413 1349 1473 tantum.
1394 1406 1499 1485 Quod

283 1508 421 1594 quidem
441 1504 608 1572 levissimi
629 1511 681 1572 est
702 1507 873 1572 momenti.
914 1508 1002 1574 Nam
1017 1509 1150 1594 Cicero,
1173 1529 1250 1574 cum
1264 1506 1365 1573 initio
1379 1508 1498 1594 regiae

280 1609 461 1697 potestatis
487 1607 653 1674 iuvidiam
680 1609 804 1675 timens
825 1610 1073 1698 haesitaret¹⁸),
1107 1632 1174 1698 quo
1200 1609 1306 1676 verbo
1328 1615 1492 1694 uteretur,

281 1718 401 1799 postea
421 1733 491 1777 non
513 1711 642 1776 veritus
664 1703 717 1778 est
736 1713 890 1800 profiteri
910 1735 947 1779 se
969 1714 1108 1780 eiecisse
1128 1712 1311 1780 Catilinam
1333 1733 1376 1777 ex
1398 1711 1486 1777 urbe.

365 1809 478 1877 Etiam
513 1812 667 1899 proxima
694 1813 871 1878 Plutarchi
903 1814 1007 1880 verba
1044 1837 1087 1881 ex
1119 1813 1283 1879 Cicerone
1313 1811 1488 1899 desumpta

281 1919 377 1998 sunt,
400 1913 460 2000 qui
480 1918 591 1978 totum
612 1913 724 1979 locum
740 1914 859 1979 eodem
879 1915 979 1981 modo
1002 1936 1041 1980 ac
1056 1913 1260 1980 Plutarchus
1282 1913 1321 1979 in
1339 1912 1491 1979 oratione

279 2017 318 2081 in
339 2016 498 2081 Pisonem
518 2013 637 2080 habita
659 2014 841 2102 expressit:
872 2017 957 2102 ,Elgo
979 2017 1018 2081 L.
1042 2015 1224 2082 Catilinam
1249 2054 1285 2062 -
1311 2014 1429 2100 egredi
1452 2035 1494 2080 ex

281 2117 364 2182 urbe
393 2116 494 2201 iussi,
528 2121 567 2181 ut
597 2136 617 2180 a
646 2137 713 2202 quo
741 2117 875 2203 legibus
900 2139 972 2184 non
999 2123 1192 2205 poteramus
1220 2115 1400 2183 moenibus
1428 2115 1496 2180 tuti

281 2241 355 2284 esse
376 2217 614 2306 possemus‘³⁹).

363 2321 483 2405 Neque
498 2317 541 2382 de
556 2317 724 2383 Catilinae
746 2319 842 2384 exitu
862 2318 1067 2385 Plutarchus
1087 2318 1286 2385 aCicerone
1307 2317 1494 2406 discrepat,

278 2420 338 2507 qui
360 2439 564 2507 quamquam
587 2418 638 2505 (in
660 2440 706 2484 or.
730 2419 801 2484 Cat.
825 2419 855 2503 2,
877 2420 910 2504 4)
932 2424 1139 2505 conquestus
1161 2423 1228 2504 est,
1252 2417 1344 2505 quod
1365 2417 1425 2484 ille
1447 2439 1490 2484 ex

278 2521 363 2587 urbe
384 2541 505 2609 parum
528 2520 707 2585 comitatus
730 2519 829 2604 exiit,
854 2526 970 2588 tamen
992 2520 1078 2607 (Cat.
1103 2521 1131 2605 1,
1154 2520 1208 2604 24)
1230 2540 1267 2585 se
1288 2519 1492 2606 cognovisse

278 2621 426 2688 affirmat
447 2619 628 2687 aCatilina
647 2619 850 2708 praemissos
866 2643 955 2705 osse,
979 2621 1038 2707 qui
1060 2621 1091 2686 ei
1112 2621 1157 2686 ad
1170 2621 1296 2687 Forum
1311 2619 1491 2686 Aurelium

277 2723 567 2811 praestolarentur
588 2722 725 2805 armati,
748 2721 851 2786 etiam
873 2744 946 2787 esso
960 2721 1180 2808 praemissam
1203 2722 1353 2808 aquilam
1367 2741 1489 2808 argen-

277 2830 369 2890 team
391 2823 524 2909 aliaque
545 2821 680 2910 imperii
700 2821 851 2908 insignia
872 2822 944 2907 (cfr.
968 2823 1040 2888 Cat.
1055 2823 1086 2908 2,
1103 2824 1164 2907 13).
1207 2823 1329 2910 Itaque
1351 2821 1487 2910 siapud

277 2923 500 2990 Plutarchum
527 2922 801 3010 interpungimus
833 2922 871 2988 in
901 2923 994 2988 hunc
1024 2923 1178 2990 modum:
1215 2924 1243 3004 ,ὁ
1270 2929 1333 3010 μὲν
1361 2917 1419 2995 οὖν
1443 2923 1484 2987 K.

278 3026 385 3108 εὐθὺς
407 3025 568 3112 ἐξελθών,
588 3023 675 3113 μετὰ
696 3031 892 3115 τριακοσίων
913 3025 1111 3118 ὁσλοᾳόρων
1132 3030 1187 3093 καὶ
1208 3024 1487 3116 περιστησάμενος

278 3131 369 3216 αὐτῷ
391 3129 588 3219 ῥαβδουχίας
615 3153 642 3193 κ.
664 3154 693 3196 τ.
716 3131 744 3194 λ.
772 3124 856 3216 πρὸς
885 3123 945 3196 τὸν
969 3125 1124 3196 Μάλλιον
1145 3125 1263 3217 ἐχώρειί
1291 3127 1341 3193 ita
1367 3131 1407 3191 ut
1427 3147 1489 3193 vo-

278 3229 399 3295 cabula
441 3225 541 3315 ,μετὰ
578 3230 790 3316 τριακοσίωνι
836 3248 913 3292 cum
950 3228 1053 3294 verbo
1093 3226 1238 3318 ,lxoipa‘
1277 3228 1491 3311 cohaereant,

278 3331 406 3419 optima
435 3327 605 3395 sententia
633 3348 743 3413 neque
773 3349 793 3393 a
820 3327 981 3394 Cicerone
1009 3328 1120 3394 aliena
1148 3328 1304 3396 efficitur.
1348 3329 1396 3394 Et
1424 3327 1491 3394 hoc

276 3432 414 3520 quidem
434 3450 535 3496 nemo
565 3428 630 3494 erit
656 3428 740 3515 quin
769 3428 932 3494 concedat
952 3430 1150 3497 Ciceronem
1179 3435 1218 3497 in
1247 3429 1490 3496 commentario

276 3556 355 3619 suo,
387 3529 479 3599 unde
500 3529 705 3595 Plutarchus
733 3528 865 3614 hausit,
897 3529 999 3617 paulo
1026 3529 1225 3616 diligentius
1253 3530 1487 3618 descripsisse,

276 3656 378 3723 quam
405 3635 443 3699 in
472 3631 582 3719 prima
613 3636 647 3696 et
677 3631 826 3696 secunda
856 3630 1068 3714 Catilinaria3
1110 3653 1193 3718 quas
1229 3654 1307 3698 cum
1334 3631 1489 3714 haberet,

276 3738 429 3804 nondum
461 3737 617 3799 accurate
650 3732 779 3798 sciebat
811 3753 923 3818 neque
950 3731 1037 3798 scire
1064 3737 1214 3822 poterat,
1251 3736 1378 3820 quanto
1409 3752 1489 3796 oum

276 3859 418 3908 numero
452 3840 658 3902 armatorum
686 3832 834 3899 Catilina
869 3855 905 3899 se
939 3833 977 3898 in
1012 3838 1124 3900 castra
1152 3834 1353 3901 contulisset
1385 3838 1490 3919 atque

352 4109 389 4174 ³⁶)
416 4103 463 4160 csr.
482 4101 540 4158 Cat.
560 4103 585 4171 ἓ,
600 4101 623 4156 1:
647 4098 802 4168 ‚Catilinam
826 4126 860 4142 -
883 4097 926 4155 vel
945 4098 1086 4171 eiecimus,
1112 4097 1154 4156 vel
1177 4097 1316 4156 emisimus
1335 4095 1380 4156 vel
1397 4073 1508 4170 ipsum·

413 4187 600 4259 egredientem
622 4186 713 4242 verbis
735 4184 874 4256 prosecuti
892 4187 1003 4243 sumue‘.
1038 4186 1088 4245 cfr.
1107 4186 1164 4244 Cat.
1182 4187 1207 4258 3,
1226 4185 1272 4256 163
1296 4203 1348 4258 pro
1365 4185 1438 4243 Mur.
1455 4187 1488 4256 ,6,

413 4275 450 4330 ad
466 4276 522 4330 Att.
540 4275 575 4344 11,
594 4275 618 4344 1,
635 4274 659 4330 3.

352 4383 390 4450 ⁸⁹)
414 4379 462 4434 cir.
487 4380 570 4435 etiam
594 4378 651 4434 Cat.
670 4379 693 4448 1,
712 4376 757 4432 11:
786 4375 898 4447 ,Magno
915 4393 960 4431 nro
983 4380 1058 4430 metu
1076 4371 1221 4446 liberabis,
1246 4373 1397 4432 dommodo
1415 4371 1489 4431 inter

413 4483 457 4525 mo
474 4469 556 4539 alque
572 4471 602 4523 te
617 4481 713 4522 murus
731 4464 857 4522 intersit‘.

764 4786 838 4928 Ι
