3198 4980
877 297 919 364 36

291 500 454 588 temporis
484 499 664 588 imperium
693 508 775 569 erat.
832 504 986 569 Aderant
1022 505 1125 570 etiam
1153 507 1306 596 virgines
1335 507 1507 591 Vestales,

290 601 462 668 faciundis
490 623 571 668 vero
594 603 699 668 sacris
723 608 757 669 et
778 605 999 670 caeremoniis
1020 607 1085 673 rite
1099 610 1336 695 perpetrandis
1351 609 1506 674 consulis

291 704 365 770 sive
393 705 558 790 praetoris
588 726 673 770 uxor
702 705 776 791 (aut
796 709 918 790 mater)
939 714 1104 795 praeerat.
1157 708 1231 786 Quo
1260 714 1413 798 tempore
1435 711 1505 776 hoc

289 807 492 874 sacrificium
505 811 682 896 peractum
696 807 750 891 sit,
766 812 806 873 ut
820 808 1099 894 demonstremus,
1118 811 1273 895 quamvis
1288 835 1330 877 ex
1341 811 1406 877 hoc
1419 812 1504 878 Plu·

287 910 426 976 tarcheo
448 911 524 976 loco
547 909 696 975 dilucide
716 911 951 998 perspiciatur,
973 918 1088 977 tamen
1103 913 1264 998 quoniam
1279 914 1503 1002 disceptatur,

285 1019 401 1080 utrum
428 1012 487 1078 ille
509 1012 704 1099 exposuerit
733 1033 793 1077 suo
817 1034 970 1098 quaeque
991 1018 1144 1101 tempore
1166 1038 1229 1081 nec
1251 1037 1312 1100 ne,
1336 1017 1402 1082 alio
1425 1023 1504 1082 uta·

284 1137 360 1181 mur
388 1135 526 1180 necesse
556 1119 609 1178 est
635 1111 831 1178 testimonio
859 1134 880 1178 a
906 1114 1104 1182 Drumanno
1134 1116 1167 1199 (l.
1200 1139 1228 1182 c.
1258 1118 1311 1201 II,
1341 1117 1413 1183 204.
1446 1119 1503 1202 72)

286 1216 406 1299 allato,
438 1215 531 1301 quod
559 1213 697 1300 quidem
726 1214 874 1280 convelli
902 1215 1037 1302 nequit:
1073 1218 1323 1300 ,Entschieden
1352 1220 1410 1286 fiel
1440 1222 1504 1287 das

286 1321 369 1384 Fest
389 1318 426 1382 in
456 1317 523 1382 den
544 1315 686 1401 Anfang
714 1315 774 1380 des
796 1316 1000 1401 December;
1031 1319 1122 1384 deun
1152 1320 1270 1386 Cicero
1300 1322 1428 1388 meldet
1457 1325 1502 1389 ad

284 1422 357 1488 Att.
389 1419 482 1503 1,12
513 1439 568 1484 am
599 1419 627 1483 1.
657 1419 783 1484 Ianuar
807 1418 847 1483 61
878 1419 938 1486 das
968 1420 1151 1507 Vergehen
1180 1423 1239 1488 des
1271 1423 1412 1490 Clodius
1450 1427 1501 1490 als

288 1521 501 1610 Neuigkeit‘.
545 1521 667 1586 Nonne
689 1525 754 1587 hoc
776 1522 859 1588 satis
882 1528 1013 1588 certum
1033 1525 1267 1590 testimonium
1288 1546 1362 1592 esse
1375 1529 1502 1615 putas?

286 1626 382 1703 Quae
403 1645 480 1688 cum
500 1623 550 1688 ita
571 1623 651 1708 sint,
674 1623 787 1688 Servii
808 1624 914 1690 verba
934 1625 1118 1712 plurimum
1140 1625 1338 1692 offensionis
1360 1630 1498 1696 habent.

286 1728 375 1792 Nam
396 1747 474 1790 cum
496 1724 614 1791 Cicero
644 1747 734 1791 anno
755 1725 873 1791 LXVI
900 1731 1061 1813 praetura
1082 1727 1221 1792 functus
1243 1730 1442 1816 priusquam
1463 1731 1501 1796 in

288 1849 415 1894 annum
437 1827 558 1892 LXIH
580 1827 699 1893 consul
728 1833 916 1910 crearetur,
945 1828 1125 1915 imperium
1154 1851 1224 1896 non
1245 1830 1404 1915 haberet,
1427 1833 1500 1898 fieri

194 1923 213 1958 ⁹
283 1952 359 2006 ‚non
380 1930 507 2018 potuit,
536 1933 576 1994 ut
603 1928 668 1995 hoc
700 1934 872 1995 ostentum
893 1928 1073 1994 Terentiae
1095 1931 1299 1997 sacrificium
1320 1936 1500 2020 peragenti

289 2039 370 2099 ante
398 2033 512 2098 mariti
541 2031 756 2098 consulatum
786 2031 1010 2116 contingeret.
1061 2033 1112 2097 Ac
1141 2054 1185 2098 ne
1215 2034 1334 2099 eodem
1364 2035 1502 2121 quidem

287 2156 386 2218 anne,
417 2134 497 2220 quia
525 2154 641 2198 mense
671 2132 807 2197 demum
828 2131 1010 2197 Decembri
1038 2134 1201 2218 mysteria
1231 2135 1500 2221 celebrabantur,

289 2238 463 2304 consulem
485 2236 639 2301 futurum
653 2235 852 2300 Ciceronem
872 2233 937 2300 hoc
958 2235 1155 2321 portentum
1177 2237 1357 2302 ostendere
1378 2240 1501 2325 potuit.

376 2374 469 2460 Ergo
488 2378 548 2439 aut
563 2371 721 2438 Servium
736 2395 865 2438 errasse
881 2373 1099 2438 statuendum
1115 2379 1176 2457 est,
1192 2379 1251 2438 aut
1266 2372 1387 2439 verba:
1406 2397 1503 2461 ,quae

287 2477 423 2542 flamma
445 2516 485 2524 —
506 2479 672 2563 poemate‘
695 2476 738 2541 ab
759 2475 1003 2562 interpolatore
1025 2474 1171 2559 quodam
1194 2497 1267 2540 esse
1288 2475 1501 2564 interposita,

289 2577 489 2666 praesertim
529 2598 606 2642 cum
640 2576 749 2642 mulia
781 2575 873 2640 illius
910 2575 1123 2661 grammatici
1153 2574 1324 2662 genuinae
1355 2577 1503 2643 orationi

288 2680 421 2748 adiecta
442 2701 515 2744 esse
537 2684 657 2745 notum
679 2677 733 2746 sit.
774 2677 776 2684 ⁴

375 2816 418 2882 In
440 2816 639 2886 Catilinaria
660 2837 741 2882 vero
771 2819 892 2901 quarta
915 2815 1033 2881 Cicero
1061 2815 1149 2880 hano
1178 2836 1249 2879 rem
1271 2815 1400 2899 omisit,
1429 2816 1502 2882 sive

291 2917 383 3004 quod
410 2917 557 3005 speciem
584 2938 665 3004 prae
694 2939 732 2982 se
753 2917 833 2982 tulit
863 2937 899 2981 se
927 2915 1041 2981 neutri
1068 2917 1158 3003 parti
1179 2923 1390 2982 momentum
1412 2918 1500 2984 velle
1579 2981 1580 2984 ,

290 3017 427 3104 afferre,
460 3019 534 3084 sive
565 3019 644 3104 quia
677 3038 967 3106 supervacaneum
998 3038 1071 3082 esse
1103 3017 1312 3084 existimavit
1343 3018 1424 3084 talia
1454 3019 1499 3084 ad

290 3126 464 3188 senatores
487 3121 524 3188 in
546 3121 741 3198 coniuratos
764 3118 996 3185 sollicitandos
1010 3119 1173 3206 proferre,
1196 3119 1269 3184 sive
1284 3119 1419 3205 quiade
1433 3120 1499 3186 hac

288 3243 326 3289 re
348 3222 518 3310 copiosius
542 3244 710 3311 exponere
731 3223 862 3290 veritus
885 3227 946 3305 est,
969 3243 1012 3287 ne
1033 3221 1214 3287 mulierum
1235 3223 1376 3309 ineptiis
1397 3221 1500 3288 fidem

289 3346 391 3411 quam
419 3325 601 3392 maximam
629 3325 755 3391 habere
784 3324 969 3390 videretur.
1019 3323 1329 3412 Paulopostverc
1353 3345 1501 3407 cumea,

289 3448 377 3514 quae
404 3427 466 3496 illo
493 3433 646 3515 tempore
666 3425 826 3493 laudibus
855 3425 898 3490 ad
920 3424 1052 3498 caelum
1078 3424 1321 3509 efferebantur,
1344 3425 1503 3492 sibinen

288 3529 389 3597 modo
410 3552 482 3596 non
502 3529 680 3618 prodesse,
704 3528 764 3593 sed
786 3529 888 3594 etiam
910 3526 1029 3594 obesse
1052 3527 1224 3611 sensisset,
1246 3526 1311 3592 hoc
1334 3548 1502 3593 commen-

288 3633 376 3700 tario
399 3654 459 3700 suo
481 3631 635 3715 inseruit,
659 3631 820 3716 quoniam
833 3631 995 3698 idoneum
1008 3628 1200 3713 videbatur,
1217 3629 1308 3715 quod
1323 3628 1502 3695 hominum

287 3734 456 3802 invidiam
476 3732 608 3798 leniret.
654 3732 748 3810 Quae
770 3754 849 3798 cum
869 3732 920 3798 ita
941 3732 1026 3815 sint,
1055 3730 1140 3797 haec
1162 3752 1297 3817 quoque
1320 3753 1362 3796 ex
1384 3730 1503 3796 eodem

288 3837 385 3904 fonte
406 3835 561 3902 derivata
582 3856 656 3899 esse
676 3855 739 3922 pro
761 3840 854 3900 certo
877 3833 945 3899 dici
965 3838 1088 3921 potest.

246 4016 248 4020 .
373 3973 489 4057 Atque
509 3970 591 4036 huic
605 3970 795 4036 narrationi
811 3970 1016 4037 Plutarchus
1031 3969 1210 4036 Terentiae
1231 3969 1362 4056 ingenii
1385 3957 1502 4035 adum·

289 4075 496 4157 brationem,
529 4092 630 4158 quam
659 4071 797 4138 aliunde
831 4069 1054 4160 deprompsit,
1078 4069 1225 4136 addidit:
1257 4075 1321 4153 ,καὶ
1344 4069 1408 4159 γὰρ
1431 4071 1500 4140 οὐδ’

292 4179 401 4257 ἄλλως
428 4169 470 4262 ἦν
497 4187 618 4267 πρᾳεῖα
648 4213 684 4221 -
723 4177 944 4261 μεταδιδοῦσα
973 4179 1040 4243 τῶν
1067 4179 1221 4243 οἰκιακῶν
1250 4176 1386 4260 ὲκείνῳι,
1417 4195 1502 4258 quae

291 4281 398 4348 verba
419 4278 565 4346 editores
587 4276 684 4343 uncis
706 4275 929 4358 incluserunt,
952 4275 1033 4361 quia
1053 4275 1162 4362 primo
1181 4278 1321 4362 aspectu
1334 4273 1372 4339 in
1387 4273 1502 4340 oculos

291 4381 437 4449 incurrit
457 4381 541 4448 haec
563 4402 605 4447 ex
627 4378 692 4446 0110
715 4378 811 4445 fonte
838 4412 880 4428 —·
906 4376 1059 4464 suspicor
1081 4400 1101 4443 e
1121 4376 1257 4459 Tirone,
1285 4377 1345 4462 qui
1366 4376 1411 4442 ad
1432 4399 1502 4442 rem

299 4507 395 4558 suam
417 4483 701 4574 comprobandam
715 4480 914 4551 Ciceronem
934 4479 1047 4568 ipsum
1069 4478 1190 4546 citavit
1209 4482 1342 4563 testem,
1363 4477 1401 4545 id
1415 4478 1505 4566 quod
