3198 4980
708 311 729 380 9

113 527 229 613 stupro
260 520 325 589 tibi
354 524 389 587 et
409 539 550 588 uxorem
579 522 614 585 et
634 517 739 584 filiam
760 515 951 598 invenisti‘3
985 537 1003 581 e
1032 512 1155 601 quibus
1184 519 1325 604 apparet

115 625 294 692 Catilinam
323 646 399 690 eam
427 623 564 689 duxisse
592 644 749 706 uxorem,
783 643 870 707 quae
898 620 1006 707 ipsius
1036 617 1107 684 filia
1135 642 1177 685 ex
1206 625 1324 707 stupro

111 734 191 796 nata
232 728 425 811 dicebatur,
464 724 609 810 ideoque
640 723 809 789 incestum
840 722 985 789 maxime
1016 720 1203 787 nefandum
1235 742 1324 786 com·

110 830 294 917 misisse¹').
346 829 445 894 Solus
473 832 587 892 autem
614 824 835 907 Plutarchus,
869 830 1036 908 quantum
1065 821 1152 905 scic,
1183 821 1325 888 tratrem

109 951 130 996 a
151 930 299 996 Catilina
320 929 469 995 occisum
492 949 564 992 esse
586 931 741 991 testatur.
786 925 998 1009 Quamquam
1018 924 1132 1010 nullus
1148 923 1323 989 Ciceronis

109 1032 204 1098 locus
234 1036 403 1118 superest,
439 1051 507 1114 quo
536 1049 614 1092 eum
642 1025 733 1092 idem
762 1048 918 1091 mamasac
945 1025 1117 1091 affirmare
1144 1025 1323 1113 possimus,

109 1139 226 1199 tamen
255 1133 319 1197 hoc
349 1152 484 1216 quoque
512 1129 711 1195 Ciceronem
738 1128 790 1192 illi
816 1127 980 1194 obiecisse
1010 1128 1173 1216 suspicor.
1238 1127 1326 1192 Nam

110 1235 213 1322 paulo
246 1233 437 1300 accuratius
474 1251 575 1317 quam
616 1230 653 1296 in
683 1231 893 1296 orationibus
902 1230 937 1316 ¹⁴)
969 1229 1021 1294 illi
1056 1229 1325 1314 uniuscuiusque

110 1335 286 1425 opprobrii
307 1333 555 1421 turpitudinem
576 1334 613 1397 in
628 1332 869 1398 commentario
885 1332 1017 1398 Graeco
1039 1332 1173 1398 crimini
1191 1331 1326 1398 dedisse

109 1438 282 1526 putandus
314 1438 417 1524 est¹⁸).
468 1437 588 1521 Neque
617 1458 659 1500 ex
688 1435 861 1501 Ciceronis
890 1439 925 1499 et
953 1433 1096 1499 Asconii
1124 1432 1259 1499 silentio
1289 1433 1326 1497 in

113 1541 266 1607 oratione
287 1540 325 1604 in
346 1544 428 1623 toga
444 1537 591 1602 candida
612 1538 730 1603 habita
743 1537 890 1604 multum
911 1536 1003 1602 effici
1024 1558 1125 1625 posse
1146 1535 1325 1618 contendo,

113 1649 253 1731 utpote
275 1662 362 1728 quae
383 1642 582 1707 lacunarum
603 1640 704 1728 plena
727 1639 824 1727 sit¹⁶).

181 1988 217 2050 ¹⁸)
243 1985 433 2053 Drumannus,
458 1984 505 2053 qui
524 1983 671 2037 Catilinam
690 2000 753 2038 cum
768 1983 846 2037 nulla
864 1983 919 2037 alia
937 1982 994 2036 filia
1011 1981 1064 2038 nisi
1083 1999 1146 2036 cum
1164 1979 1292 2050 privigna
1310 1997 1326 2032 a

165 2097 166 2102 κ
247 2069 389 2140 superiore
412 2070 512 2124 marito
536 2069 681 2124 Orestillae
704 2074 766 2124 orta
790 2074 916 2140 stuprum
940 2069 1031 2124 facere
1049 2057 1170 2138 petuisse
1188 2067 1327 2136 opinatur,

249 2155 358 2210 videtur
375 2173 480 2210 errasse
499 2155 562 2222 (cir.
582 2156 680 2210 Gesch.
698 2156 782 2210 Roma
801 2159 851 2210 etc.
871 2155 904 2222 V,
922 2155 981 2224 388,
1000 2155 1056 2221 ἵ3).
1091 2153 1234 2208 Sententia
1251 2150 1324 2206 cuim

247 2240 399 2295 doctissimi
417 2241 490 2294 illius
509 2241 562 2295 riri
580 2257 644 2294 cnm
655 2240 769 2295 Asconii
785 2242 877 2296 verbis
895 2241 931 2294 ad
952 2241 980 2295 h.
992 2241 1009 2296 l.
1028 2247 1098 2311 app.'
1111 2243 1225 2310 pugnat.
1254 2239 1325 2293 Nam

247 2327 270 2380 si
288 2343 319 2381 re
336 2344 401 2380 vera
418 2327 514 2382 Cicero
532 2327 609 2381 illam
628 2326 787 2382 Orestillam
811 2327 923 2396 eiusque
941 2326 1027 2380 filiam
1050 2326 1068 2381 l.
1087 2343 1110 2380 c.
1135 2325 1328 2396 significasset,

248 2412 383 2466 Asconius
401 2430 457 2467 non
475 2412 641 2466 addidisset:
659 2412 780 2480 ,nomina
797 2413 897 2468 harum
910 2412 1056 2466 mulierum
1074 2412 1199 2466 nondum
1214 2409 1324 2466 inveni‘.

248 2498 335 2552 lmmo
346 2516 411 2552 vcro
430 2514 464 2552 ex
476 2497 615 2553 Ciceronis
633 2499 695 2554 loco
713 2502 741 2552 et
753 2499 865 2552 Asconii
883 2497 1112 2570 interpretatione
1129 2516 1192 2553 cnm
1201 2497 1326 2552 Sallustii

248 2603 270 2638 c.
280 2585 329 2639 XV
339 2583 447 2638 collatis
467 2584 642 2639 statuendam
654 2589 696 2638 cst
709 2583 855 2639 Catilinam
869 2589 925 2638 tres
939 2584 1067 2640 habuisse
1083 2602 1191 2654 uxores,
1209 2601 1325 2654 quarum

248 2669 338 2739 prima
356 2669 444 2724 filium
461 2671 583 2740 peperit,
602 2670 689 2724 altera
706 2670 792 2740 ipsius
804 2669 863 2724 filia
880 2670 946 2739 luit,
964 2687 1047 2739 quam
1065 2688 1099 2726 ex
1119 2675 1215 2740 stupro
1233 2669 1326 2724 nescio

248 2773 301 2824 qno
330 2760 478 2826 genuerat,
511 2757 595 2812 tertia
618 2756 761 2824 Orestilla,
799 2757 876 2810 cuius
904 2774 994 2812 mores
1021 2757 1167 2812 Sallustius
1199 2756 1326 2826 pluribus

246 2841 398 2911 descripsit.

191 2967 226 3028 '⁴)
251 2962 300 3018 cfr.
319 2980 370 3032 pro
387 2963 453 3018 Sull.
466 2962 513 3030 703
533 2962 589 3017 Cat.
606 2963 630 3031 l,
649 2962 695 3029 183
713 2965 738 3032 2,
757 2963 786 3030 '13
805 2963 831 3033 3,
849 2963 891 3019 16.
912 2962 958 3031 173
978 2981 1017 3018 or.
1036 2963 1064 3018 in
1082 2969 1137 3034 tog.
1150 2964 1228 3019 cand.
1248 2982 1273 3032 p.
1283 2962 1325 3018 aa.

191 3087 226 3151 15)
252 3083 345 3136 Etiam
363 3083 423 3137 {ieri
441 3082 541 3152 potuit,
559 3088 590 3136 nt
601 3083 766 3137 Plutarchus
779 3083 809 3136 in
821 3099 941 3138 errorem
954 3083 1029 3137 haud
1047 3101 1178 3155 magnum
1196 3084 1326 3137 inductus

247 3171 300 3223 hoc
319 3159 379 3224 loco
397 3169 532 3223 Catilinae
551 3168 664 3223 fratrem
682 3172 911 3223 commemoraret
927 3186 979 3240 pro
997 3171 1027 3237 Q.
1046 3169 1172 3239 Caecilio,
1190 3169 1326 3224 sororis

247 3256 429 3311 Catilinae
452 3256 543 3324 viro,
573 3273 654 3325 quem
678 3257 740 3311 Aac.
763 3256 781 3310 1.
800 3274 823 3312 c.
847 3274 874 3326 p.
892 3255 936 3326 84,
953 3256 983 3324 Q.
1002 3256 1057 3311 Cic.
1082 3255 1116 3310 de
1141 3260 1196 3325 pet.
1220 3254 1325 3311 consul.

245 3349 260 3408 §
278 3345 295 3398 9
313 3361 369 3398 non
388 3342 547 3396 omiserunt.

189 3469 226 3532 ιθ)
252 3463 327 3517 Idem
346 3462 512 3516 Plutarchus
536 3463 565 3517 in
583 3464 630 3518 vit.
649 3464 716 3519 Sull,
736 3483 759 3518 c.
778 3463 885 3518 XXXII
909 3463 943 3517 de
961 3462 1095 3518 Catilinae
1118 3464 1282 3519 crudelitate
1299 3465 1328 3520 in

250 3549 363 3603 fratrem
381 3549 479 3602 iisdem
497 3549 554 3602 fere
572 3550 662 3604 verbis
681 3549 823 3620 exposuit,
853 3550 900 3604 sad
924 3567 960 3604 ue
983 3550 1048 3604 inde
1072 3548 1183 3619 quidem
1199 3551 1327 3606 concludi

249 3640 353 3705 potest,
383 3652 464 3704 quem
489 3639 630 3689 auctorem
655 3634 705 3689 illc
729 3639 837 3690 secutus
855 3636 899 3690 sit.
953 3636 1065 3690 Petarus
1090 3634 1164 3690 enim
1188 3637 1252 3703 (cfr.
1278 3638 1328 3692 Die

247 3721 360 3789 Ouellen
385 3721 425 3776 Pl.
456 3722 485 3774 in
509 3720 563 3775 den
588 3722 774 3792 Biographien
799 3721 848 3776 der
872 3723 973 3776 Rbmer
1002 3741 1028 3790 p.
1048 3721 1106 3776 132.
1130 3723 1171 3778 60.
1190 3723 1254 3793 61),
1280 3724 1327 3794 qui

248 3807 477 3862 verisimillimum
501 3811 582 3877 putat
604 3807 784 3861 Plutarchum
808 3826 865 3862 non
888 3807 970 3862 modo
994 3808 1024 3860 in
1048 3808 1238 3864 coniuratione
1255 3810 1326 3865 Cati·

251 3893 350 3948 linari'a
368 3894 576 3964 conscribenda,
592 3893 732 3947 sedetiam
749 3893 784 3947 ad
793 3895 885 3948 Sullae
899 3893 1128 3949 commentarium
1143 3896 1326 3967 supplendum

249 3980 357 4034 Livium
375 3980 547 4049 adhibuisse,
566 3981 640 4034 hunc
658 3979 749 4033 locum
768 3980 837 4034 falso
855 3980 891 4033 ad
909 3980 981 4035 Livii
1000 3979 1193 4035 auctoritatem
1212 3984 1325 4038 rettulit.

247 4069 372 4135 Namque
390 4066 445 4120 illis
464 4066 631 4121 Plutarchus
649 4065 746 4120 eodem
766 4066 828 4121 loco
846 4067 974 4138 adiungit
992 4072 1076 4138 atque
1094 4067 1226 4138 adnectit,
1244 4087 1327 4139 quarn

248 4152 370 4223 gravitm
384 4152 502 4206 Catilina
521 4153 550 4207 in
565 4153 685 4207 Marium
696 4153 898 4208 Gratidianum
917 4153 1058 4224 saevierit,
1076 4171 1146 4223 quae
1159 4155 1270 4223 quidem
1283 4174 1327 4210 res

251 4239 286 4293 ab
310 4238 372 4292 aliis
397 4256 506 4308 quoque
529 4240 710 4310 scriptoribus
734 4239 834 4295 litteris
864 4239 997 4294 mandata
1019 4243 1067 4294 est.
1112 4240 1194 4309 Apud
1218 4241 1327 4295 Livium

249 4325 325 4380 enim
344 4324 474 4394 (persa)
494 4325 605 4394 eiusque
623 4326 740 4380 asseclas
760 4327 865 4392 (Valer.
884 4326 958 4381 Max.
977 4325 1026 4394 IX,
1042 4327 1068 4395 2,
1086 4327 1114 4393 1;
1133 4325 1206 4380 Flor.
1217 4326 1251 4394 ll,
1263 4327 1327 4396 9,6·,

248 4412 323 4465 Oros.
342 4412 375 4480 V,
399 4411 447 4476 21)
473 4410 607 4464 Catilinae
630 4411 708 4465 nulla
731 4411 836 4466 mentio
860 4409 905 4479 fit,
937 4409 985 4464 sed
1009 4410 1078 4464 illud
1103 4409 1209 4466 facinus
1234 4413 1325 4467 Sullae

250 4497 360 4553 crimini
383 4497 516 4568 habetur,
549 4495 596 4568 qui
618 4496 677 4568 ipse
700 4497 821 4556 Marium
844 4513 903 4568 ,per
931 4513 980 4553 ora
1002 4495 1079 4567 vulgi
1104 4497 1139 4552 ad
1169 4499 1327 4570 sepulcrum
