3198 4980
779 375 986 382 -·-—--—

273 486 424 552 breviter
460 506 643 573 exponam,
680 508 745 570 quo
774 487 875 551 modo
907 488 1024 552 Cicero
1057 507 1110 552 res
1144 509 1222 553 suas
1255 485 1487 576 descripserit.

278 587 489 672 Quamquam
512 610 547 651 se
568 587 615 664 in,
629 587 694 686 hcc
715 587 831 693 liqello
854 609 923 652 non
946 590 1214 674 ,tyampruomoh
1245 591 1304 654 sed
1326 593 1485 677 inscctari

278 686 454 772 scripsisse
476 687 666 786 affirmat,⁶),
690 678 812 776 Tta'rnap
834 712 903 755 non
927 691 1152 755 dubitandum
1175 714 1247 756 esse
1270 714 1386 758 omnes
1409 715 1486 756 con-

277 787 415 872 cedent,
438 788 522 873 quin
551 785 711 872 quoniam
735 789 788 866 sui
807 789 971 854 laudandi
988 791 1175 877 cupiditate
1191 815 1322 880 semper
1338 794 1486 877 ardebat,

276 912 330 954 res
351 891 400 955 ita
423 885 654 974 exornaverit,
680 891 722 955 ‘ut
739 891 857 978 *ipsius
888 891 924 955 in
945 897 1053 957 totam
1082 894 1346 979 rempublicam
1368 895 1488 958 merita

276 993 520 1058 dilucidissime
536 999 746 1080 apparerent.
785 994 861 1058 Hoc
882 1016 953 1058 non
968 993 1201 1060 contenderim
1217 994 1379 1060 historiae
1394 995 1487 1080 leges

275 1115 352 1158 eum
373 1095 474 1180 plane
502 1095 711 1180 neglexisse,
742 1095 802 1159 sed
829 1095 866 1158 id
894 1095 1005 1180 egisse
1035 1117 1137 1180 quam
1164 1096 1310 1160 maxime
1333 1097 1487 1180 arbitror,

276 1201 316 1259 ut
337 1203 392 1260 ree
415 1217 434 1260 a
457 1218 492 1260 se
508 1197 646 1260 consule
661 1196 878 1260 laudabiliter
893 1203 1010 1282 gestae
1024 1203 1158 1283 praeter
1174 1203 1302 1262 ceteras
1318 1196 1487 1262 uberrime

280 1297 561 1382 ornatissimeque
583 1298 838 1362 illustrarentur
861 1304 894 1362 et
917 1298 1183 1382 celebrarentur,
1208 1320 1294 1383 quae
1310 1305 1424 1363 autem
1447 1301 1488 1363 ad

276 1399 453 1464 hominum
495 1399 775 1464 obtrectationem
820 1404 854 1462 et
889 1399 1054 1464 invidiam
1098 1399 1312 1468 conflandam
1347 1400 1488 1464 idoneae

274 1503 406 1584 essent,
449 1507 508 1565 aut
535 1523 674 1588 prorsus
704 1502 943 1566 omitterentur
973 1509 1031 1566 aut
1059 1503 1210 1589 pressius
1240 1504 1487 1587 angustiusque

274 1603 536 1688 attingerentur.
581 1602 656 1666 Hac
685 1603 792 1687 igitur
820 1603 953 1668 ratione
982 1624 1052 1667 non
1080 1602 1181 1667 modo
1208 1625 1244 1666 se
1267 1625 1413 1688 suasque
1434 1627 1487 1668 res

271 1705 460 1790 legentium
491 1703 612 1768 animis
636 1703 832 1789 gloriaeque
855 1705 1080 1792 sempiternae
1111 1705 1345 1770 commendere
1367 1706 1487 1788 voluit,

271 1807 332 1870 sed
362 1807 465 1872 etiam
493 1805 643 1870 invidiae
672 1807 877 1892 respondere
908 1811 999 1870 etse
1022 1805 1184 1870 adversus
1208 1826 1263 1889 ea,
1298 1828 1384 1889 quae
1413 1812 1486 1870 tum

232 1951 235 1958 ⁴
270 1907 311 1972 ab
351 1906 555 1972 adversariis
597 1905 849 1989 obiciebantur,
888 1904 1079 1970 defendere.
1145 1906 1257 1983 Quare
1295 1930 1335 1971 ex
1370 1909 1486 1972 Attico

273 2009 344 2092 (cfr.
369 2009 412 2072 ad
434 2009 505 2073 Att.
529 2008 574 2090 II,
599 2007 627 2090 1,
650 2007 682 2090 2)
705 2006 893 2091 flagitavit,
923 2012 962 2071 ut
985 2013 1135 2090 curaret,
1165 2013 1205 2071 ut
1234 2008 1292 2073 ille
1315 2030 1485 2073 commen-

270 2111 377 2175 tarius
400 2117 434 2174 et
455 2099 601 2174 Athenis
631 2115 721 2174 esset
751 2105 785 2173 et
813 2109 850 2172 in
880 2108 1001 2174 ceteris
1025 2109 1188 2174 Graeciae
1210 2109 1370 2194 urbibus,
1408 2133 1484 2174 cum

273 2212 380 2298 ipsius
402 2211 504 2276 rebus
528 2210 658 2294 aliquid
678 2210 764 2274 lucis
788 2209 909 2274 afferre
931 2210 1115 2275 videretur.

352 2315 473 2378 Restat
508 2318 547 2377 ut
585 2334 672 2396 quas
705 2312 886 2398 praecipue
923 2333 976 2375 res
1007 2316 1040 2375 et
1070 2333 1137 2396 quo
1167 2311 1285 2375 ordine
1315 2313 1487 2378 rettulerit

273 2415 391 2481 dicam.
435 2413 500 2479 Vel
516 2435 556 2477 ex
574 2435 622 2496 ec,
647 2415 737 2497 quod
751 2414 842 2477 hunc
857 2412 1012 2477 libellum
1033 2412 1175 2477 inscribi
1189 2412 1300 2478 voluit
1315 2436 1484 2478 commen-

268 2517 392 2584 tarium
404 2516 601 2581 consulatus
619 2517 681 2598 sui,
704 2537 759 2580 eas
775 2538 828 2579 res
843 2521 978 2581 tantum
994 2536 1274 2580 commemorasse
1287 2515 1485 2580 Ciceronem

269 2621 428 2702 apparet,
458 2637 542 2699 quas
566 2615 684 2679 consul
706 2637 795 2679 anno
818 2616 939 2680 LXIII
962 2637 989 2680 a.
1014 2615 1093 2680 Chr.
1117 2622 1285 2701 gesserat,
1307 2617 1484 2682 materiem

270 2739 351 2782 sane
373 2716 536 2781 facultate
559 2722 593 2781 et
615 2716 711 2802 copia
727 2716 901 2780 Ciceronis
923 2716 1068 2781 maxime
1087 2717 1236 2802 dignam.
1274 2719 1388 2800 Atque
1405 2739 1482 2782 cum

268 2819 447 2906 permultis
469 2818 569 2901 locis,
601 2818 659 2903 qui
691 2817 801 2882 adhuc
825 2825 976 2901 exstant,
1000 2818 1184 2884 earundem
1206 2841 1320 2883 rerum
1341 2820 1383 2884 ab
1407 2821 1482 2906 ipso

269 2922 431 2986 Cicerone
453 2918 581 2984 mentio
603 2918 679 3001 fiat,
703 2924 776 2982 tum
798 2918 854 2983 vel
875 2919 1020 2982 maxime
1036 2942 1076 2982 ex
1092 2919 1255 2983 orationis
1272 2920 1308 2983 in
1324 2920 1484 2984 Pisonem

266 3021 405 3085 habitae
431 3019 654 3108 paragraphis
677 3017 840 3100 II—VH,
871 3017 930 3082 ubi
960 3019 1174 3084 consulatum
1203 3043 1302 3084 suum
1331 3021 1483 3086 breviter

268 3123 441 3208 exposuit,
477 3128 511 3186 et
540 3143 581 3184 ex
611 3118 757 3206 epistula
786 3118 829 3184 ad
857 3118 1011 3181 Atticum
1041 3119 1211 3203 (11,1,3)
1242 3121 1384 3207 scripta,
1422 3121 1483 3185 ubi

271 3244 386 3288 omnes
410 3221 605 3286 consulares
634 3221 804 3285 crationes
827 3219 1054 3302 enumeravit,
1084 3221 1232 3308 perspici
1253 3226 1384 3308 potest,
1415 3244 1483 3305 quo

268 3346 421 3410 quaeque
450 3323 568 3387 ordine
595 3321 740 3407 gesserit
769 3321 827 3386 illo
858 3343 947 3385 anno
977 3321 1177 3406 dixeritque.
1239 3323 1329 3399 Quas
1361 3344 1414 3386 res
1443 3324 1483 3387 in

267 3423 508 3490 commentario
525 3445 585 3488 suo
599 3421 769 3486 simillime
785 3427 819 3484 et
835 3420 1054 3508 descripsisse
1071 3429 1104 3488 et
1116 3423 1291 3488 ordinasse
1306 3425 1481 3510 putandus

267 3533 334 3608 est;
358 3525 425 3590 nisi
442 3523 533 3609 quod
549 3544 635 3607 quae
656 3522 727 3586 illic
744 3523 889 3586 strictim
904 3525 1121 3607 memoravit,
1144 3525 1200 3589 hic
1222 3525 1329 3590 multo
1353 3526 1481 3592 maiore

266 3627 361 3690 cultu
384 3630 573 3708 ornatuque
602 3623 832 3709 amplificavit.
876 3625 991 3708 Atque
1021 3629 1060 3688 ut
1083 3625 1200 3688 Cicero
1231 3625 1314 3690 haec
1343 3628 1481 3713 planius

267 3726 467 3813 explicaret,
491 3725 592 3789 altius
614 3725 716 3811 paulo
738 3730 908 3811 repeteret
936 3747 1074 3790 necesse
1097 3731 1178 3790 erat.
1229 3727 1481 3811 Exponendum

266 3829 374 3912 igitur
395 3827 426 3890 ei
449 3833 539 3908 erat,
570 3827 628 3909 qui
650 3825 876 3912 reipublicae
899 3831 1023 3909 status,
1047 3828 1219 3912 cumipse
1242 3828 1360 3892 consul
1384 3851 1478 3892 crea-

267 3936 370 4012 retur,
387 3935 476 3992 esset
488 3949 640 4012 quaeque
652 3948 818 3993 novarum
833 3950 946 3992 rerum
962 3950 1092 4011 causae,
1113 3927 1236 4011 quibus
1253 3928 1311 3991 illo
1326 3936 1481 4015 tempore

267 4030 466 4111 studebant,
497 4050 597 4113 quam
620 4027 767 4113 denique
795 4029 962 4093 rationem
991 4029 1063 4114 ipse
1094 4035 1309 4112 sequeretur,
1338 4036 1378 4094 ut
1407 4052 1480 4094 rem

265 4130 436 4216 publicam
466 4129 628 4194 afflictam
650 4135 827 4193 recrearet.
871 4130 992 4212 Itaque
1014 4129 1211 4195 Ciceronem
1241 4132 1477 4196 conversionis

266 4233 415 4296 civitatis
438 4253 458 4294 a
480 4231 576 4296 Sulla
597 4231 707 4295 factae
736 4231 846 4296 obiter
868 4232 1076 4296 mentionem
1098 4231 1221 4296 fecisse
1253 4253 1316 4316 ego
1340 4231 1480 4315 quidem

351 4454 375 4524 ⁶)
405 4453 453 4508 cfr.
473 4451 508 4506 ad
526 4453 582 4508 Att.
602 4454 623 4521 I,
641 4452 682 4524 19,
701 4453 741 4510 10.
