3198 4980
887 279 930 368 θ

292 499 439 570 mannus
462 503 495 589 (l.
514 522 542 570 c.
568 506 605 589 V,
631 505 703 588 457,
726 506 779 589 42)
802 505 891 571 hanc
912 505 1136 572 Plutarcheae
1157 505 1364 573 narrationis
1385 509 1528 596 partem
1577 583 1578 610 ρ

295 613 432 692 praeter
459 611 587 672 ceteras
610 605 792 693 vituperat,
817 611 851 670 et
872 606 987 692 Lagus
1011 606 1045 692 (l.
1070 629 1096 672 c.
1119 630 1151 694 p.
1173 609 1228 695 88)
1252 608 1349 673 dicit:
1381 609 1529 696 ,Incipit

296 706 449 773 averbis
479 708 608 787 ,οὐκέτι
633 711 814 796 καρτερῶν“
845 727 973 772 novum
1008 708 1178 791 quoddam
1209 709 1379 774 scribendi
1408 731 1527 796 genus

295 807 401 892 idque
423 808 620 874 mendosius
642 830 743 893 quam
766 809 859 894 quod
880 809 988 896 possit
1010 810 1053 875 ad
1077 817 1249 877 auctorem
1267 812 1388 877 harum
1402 835 1524 878 rerum

297 910 555 976 veracissimum
574 909 695 976 referri
704 915 721 974 ‘.
766 911 858 988 Quos
887 916 928 975 ut
947 910 1012 976 hoc
1032 911 1198 978 iudicium
1223 913 1375 999 iniquius
1396 914 1526 979 tulisse

298 1011 527 1095 ostendamus,
550 1011 633 1076 satis
655 1018 708 1076 est
729 1011 953 1078 Plutamhum
975 1034 1052 1079 cum
1074 1013 1239 1081 Cicerone
1261 1036 1486 1102 comparasse.

461 1182 719 1250 mam.
1085 1183 1353 1268 mmia

363 1301 480 1370 Οὐκέτι
501 1308 667 1394 καρτερῶν
689 1302 750 1386 τὴν
765 1306 879 1388 μέλλη-
990 1301 1208 1368 Confirmasti
1242 1307 1277 1368 te
1305 1302 1419 1389 ipsum
1449 1304 1520 1370 iam

298 1426 352 1471 σιν
374 1403 392 1470 ὁ
415 1406 601 1483 Κατιλίνας
623 1402 725 1484 αὐτὸς
750 1409 812 1491 μέν
834 1413 879 1471 ἐκ-
927 1425 1000 1470 esse
1014 1405 1194 1489 exiturum,
1210 1406 1329 1472 dixisti
1337 1405 1520 1493 paululum
1578 1399 1579 1434 r

297 1506 406 1587 πηδῶν
427 1508 509 1590 έγνω
536 1502 620 1596 ιιρὸς
641 1502 701 1574 τὸν
724 1503 880 1574 Μάλλιον
924 1505 989 1570 tibi
1022 1527 1095 1572 esse
1125 1507 1227 1572 etiam
1262 1529 1355 1573 nunc
1389 1528 1518 1592 morae,

297 1610 349 1672 ἐιιλ
380 1599 420 1672 τὸ
442 1604 641 1696 στράτευμα,
670 1603 825 1691 Μάρκιον
846 1607 879 1673 δὲ
924 1607 1015 1690 quod
1050 1629 1113 1692 ego
1149 1609 1310 1675 viverem.
1369 1610 1517 1695 Reperti

295 1711 349 1771 καὶ
371 1708 533 1791 Κέθηγον
560 1709 701 1774 ἐκέλευσε
724 1708 804 1797 ξίφη
826 1711 878 1773 λα-
923 1714 1004 1772 sunt
1025 1708 1092 1774 duo
1116 1710 1246 1794 equites
1271 1711 1427 1794 Romani,
1452 1712 1513 1795 qui

294 1804 421 1892 βάντας
450 1809 565 1875 ἐλθεῖν
595 1811 647 1874 ἐπὶ
677 1803 739 1884 τὰς
767 1807 880 1898 θύρας
922 1812 958 1874 te
980 1809 1048 1874 ista
1073 1831 1153 1875 cura
1175 1810 1362 1876 liberarent
1389 1817 1421 1876 et
1437 1832 1511 1876 sese

294 1907 713 1994 έωθενῶςάσπασομένους
721 1903 780 1977 τὸν
786 1911 878 1975 Κικέ-
924 1907 984 1975 ilia
999 1905 1073 1996 ipsa
1087 1915 1187 1975 nocte
1197 1911 1298 1997 paulo
1311 1917 1391 1977 ante
1401 1910 1512 1977 lucem

295 2035 382 2098 ρωνα
402 2013 456 2076 καὶ
474 2007 722 2097 διαχρήσασθαι
742 2032 878 2100 προσπε-
922 2029 976 2074 me
988 2010 1025 2074 in
1039 2031 1113 2075 meo
1129 2010 1254 2077 lectulo
1269 2011 1514 2078 interfecturos

294 2108 424 2188 σόυτας.
475 2113 581 2178 Τοῦτο
609 2113 769 2196 Φουλβία,
796 2107 879 2195 γυνὴ
923 2133 997 2176 esse
1025 2109 1279 2198 pollicerentur.
1323 2111 1418 2177 Haec
1450 2136 1515 2199 ego

295 2216 361 2282 τῶν
398 2213 576 2306 ἐπιφανῶν,
613 2213 797 2297 ἐξαγγέλλει
831 2216 879 2296 τῷ
923 2213 1035 2277 omnia
1077 2212 1218 2280 vixdum
1264 2215 1366 2279 etiam
1411 2221 1513 2282 coetu

295 2317 472 2405 Κικέρωνι,
505 2309 623 2391 νυκτὸς
652 2317 803 2381 ἐλθοῦσα
824 2315 878 2379 καλ
922 2321 1038 2381 vestro
1052 2315 1191 2381 dimisso
1204 2316 1361 2403 comperi,
1375 2316 1516 2383 domum

296 2418 569 2502 διακελευσαμένη
642 2413 879 2509 φυλάττεσθαι
921 2439 1031 2482 meam
1042 2417 1227 2483 maioribus
1243 2417 1427 2505 praesidiis
1439 2441 1514 2484 mu·

294 2515 373 2595 τοὺς
395 2522 467 2606 περὶ
490 2513 550 2585 τὸν
568 2519 738 2601 Κέθηγον.
786 2519 823 2584 (λὶ
847 2515 874 2580 δ’
921 2519 995 2585 nivi
1010 2525 1112 2605 atque
1127 2519 1275 2603 firmavi,
1298 2518 1428 2585 exclusi
1444 2543 1513 2604 eoa,

197 2647 199 2651 ·
293 2608 375 2700 ἧκον
392 2617 446 2705 ἅμ’
467 2618 582 2709 ἡμέρᾳ,
604 2624 658 2686 καὶ
671 2622 879 2696 κωλυθέντες
923 2643 1006 2706 quos
1022 2626 1061 2685 tu
1081 2621 1192 2686 adme
1212 2621 1397 2686 salutatum
1411 2644 1513 2688 mane

296 2721 462 2788 εἰσελθεῖν
482 2717 692 2805 ἠγανάκτουν
713 2723 767 2786 καὶ
787 2746 877 2788 κατε·
921 2722 1072 2788 miseras.

292 2816 382 2906 βόων
404 2824 456 2888 ἐπὶ
478 2819 613 2911 θύραις,
636 2819 718 2890 ῶστε
735 2821 876 2890 ὑποπτό·

292 2947 383 3012 τεροι
403 2927 572 3008 γενέσθαι.

376 3057 491 3144 Atque
520 3057 576 3125 vel
604 3058 685 3123 inde
713 3055 924 3146 intellegitur
954 3058 1089 3127 easdem
1119 3082 1172 3126 res
1201 3055 1292 3127 inter
1321 3081 1356 3128 se
1384 3055 1504 3128 eodem

292 3159 392 3226 modo
423 3161 466 3226 ab
495 3166 640 3246 utroque
669 3182 743 3226 esse
765 3177 924 3248 conexas,
957 3168 997 3228 ut
1025 3185 1066 3228 ex
1087 3164 1141 3230 his
1163 3159 1243 3230 solis
1267 3164 1406 3229 alterius
1429 3163 1506 3228 affi—
1580 3157 1581 3172 ³

292 3263 382 3328 nitas
414 3284 490 3328 cum
530 3261 636 3329 altero
668 3262 935 3328 luculentissime
970 3267 1094 3352 pateat.
1159 3259 1266 3330 Nihili
1298 3270 1366 3348 est,
1416 3264 1508 3349 quod

292 3363 498 3430 Plutarchus
532 3364 630 3432 ilium
667 3370 800 3430 coetum
833 3365 923 3452 apud
955 3365 1100 3433 Laecam
1135 3364 1290 3431 habitum
1327 3388 1402 3432 esse
1437 3388 1507 3432 non

293 3463 419 3532 diserte
441 3467 734 3552 commemoravit,
757 3473 907 3534 attamen
929 3487 970 3532 ex
993 3467 1064 3532 eius
1079 3468 1274 3535 narratione
1294 3468 1378 3553 quid
1400 3468 1506 3556 signi

293 3561 447 3635 ficaverit
469 3569 570 3660 plane
588 3569 801 3659 perspicitur.
846 3570 964 3657 Neque
987 3567 1173 3656 quidquam
1186 3569 1291 3636 habet
1305 3569 1393 3654 miri,
1416 3570 1508 3656 quod

294 3669 411 3735 Cicero
434 3693 470 3736 se
493 3673 840 3760 ‚omniacomperisse‘
862 3671 955 3756 dicit,
977 3671 1180 3737 Plutarchus
1202 3677 1360 3737 accurate
1380 3671 1506 3760 prodit,

296 3791 383 3856 quae
403 3773 524 3839 mulier
546 3775 678 3841 consuli
700 3779 823 3840 cuncta
837 3775 1013 3859 detulerit,
1037 3774 1196 3860 quoniam
1210 3773 1285 3838 fieri
1299 3794 1370 3838 non
1382 3774 1506 3860 potuit,

294 3876 334 3935 ut
364 3873 482 3939 Cicero
512 3875 746 3942 coniuratione
775 3875 926 3942 nondum
954 3874 1125 3964 patefacta
1153 3875 1191 3938 in
1217 3877 1349 3942 'senatu
1381 3896 1507 3941 nomen

293 3969 385 4040 illius
411 3979 658 4065 pronuntiaret.
721 3979 869 4045 Maxima
900 3996 981 4045 vero
1011 3975 1194 4043 difficultas
1225 3976 1263 4040 in
1298 3997 1337 4041 eo
1368 3974 1506 4042 videtur

293 4099 383 4161 esse,
413 4080 504 4166 quod
524 4079 728 4146 Plutarchus
757 4081 895 4145 nomina
923 4061 1039 4145 coium
1067 4091 1136 4142 non
1165 4083 1257 4142 recte
1278 4075 1411 4158 attulit,
1447 4075 1506 4162 qui

293 4203 330 4246 se
352 4181 548 4247 Ciceronem
569 4180 809 4246 interfecturos
830 4179 975 4267 polliciti
997 4184 1085 4244 sunt.
1123 4178 1192 4243 Sed
1205 4178 1243 4242 in
1257 4177 1312 4242 his
1327 4175 1504 4242 tradendis

295 4287 423 4349 ceteros
446 4303 581 4370 quoque
602 4281 782 4370 scriptores
803 4282 840 4348 in
862 4281 1013 4348 diversas
1033 4285 1147 4369 partes
1170 4278 1365 4346 discessisse
1394 4301 1435 4344 ex
1466 4298 1505 4346 eo

294 4381 386 4450 effici
398 4389 520 4473 potest,
537 4382 628 4471 quod
639 4382 756 4448 Cicero
771 4384 807 4448 in
822 4381 963 4449 Sullana
977 4386 1009 4468 (ξ
1019 4383 1068 4449 52.
1083 4383 1136 4470 18)
1152 4382 1296 4448 alterum
1307 4380 1502 4446 Comelinm

293 4493 409 4576 vocat,
432 4481 612 4556 Sallustius
634 4484 773 4553 alterius
795 4504 919 4551 nomen
940 4483 1088 4572 profert,
1118 4483 1178 4550 red
1199 4481 1298 4549 aliter
1320 4488 1422 4571 atque
1444 4481 1503 4549 ille
