3198 4980
681 251 722 318 21

598 342 806 354 -n—-u-n—

88 470 139 544 εὶς
160 460 199 532 το
221 460 342 531 πεδίον.
385 459 452 529 Τοῦ
472 459 506 528 δὲ
520 451 679 547 θώρακος
722 459 757 522 et
779 413 856 522 crim
878 454 938 524 ilia
958 457 1028 524 lata
1043 457 1239 546 insignique
1260 457 1308 525 lo·

92 566 240 647 ἐπίτηδες
258 563 419 655 ὑπέφαινέ
436 587 469 630 τι
485 557 679 650 παραλύσας
721 559 807 642 rica,
837 580 907 626 non
932 581 1018 645 quae
1039 583 1093 626 me
1115 566 1248 647 tegeret
1269 601 1309 612 ·-

91 677 125 736 έκ
146 670 213 734 τῶν
242 661 340 750 ὤμων
365 668 427 732 τοῦ
446 665 601 751 χιτῶνος,
631 671 677 731 έν-
722 682 840 726 verum
862 665 901 726 ut
923 681 1038 726 omnes
1060 661 1144 726 boni
1158 661 1306 728 animad-

89 764 300 852 ὃεικνύμενος
322 777 393 842 τοῖς
415 763 516 852 ὁρῶσι
537 759 597 834 τὸν
613 768 677 832 κίν-
721 765 921 842 verterent„
943 765 977 824 et
1005 762 1140 827 cumin
1161 770 1255 829 metu
1276 768 1312 829 et

87 873 198 939 δυνον.
258 869 296 936 Οἱ
324 866 352 934 δ’
383 863 594 951 ἠγανάκτουν
623 868 676 931 καὶ
721 861 872 948 periculo
902 863 1099 928 'consulem
1141 865 1309 948 viderent,

90 976 356 1062 συνεστρέφοντο
381 972 453 1059 περὶ
476 963 593 1036 αὐτόν·
623 971 677 1034 καὶ
721 961 757 1026 id
779 963 871 1046 quod
897 964 1116 1048 estfactum,
1146 967 1190 1031 ad
1211 990 1310 1054 opem

86 1078 186 1151 τέλος
215 1081 250 1139 ὲν
277 1082 350 1148 ταῖς
377 1067 508 1163 ψήφοις
536 1063 678 1152 τὸνμὲν
721 1065 999 1150 praesidiumque
1057 1073 1308 1134 concurrerent.

92 1177 283 1242 Κατιλίναν
308 1163 414 1248 αὖθις
441 1171 610 1255 ἐξέβαλον,
639 1175 678 1236 εἵ-
720 1166 1066 1250 Itaque-omnes—
1082 1168 1310 1236 adMurenam

93 1281 196 1344 λοντο
225 1277 258 1340 δέ
286 1268 438 1342 Σιλανὸν
465 1269 594 1340 ὕπατον
622 1274 677 1337 καὶ
697 1307 701 1444 ,
721 1289 758 1332 se
780 1267 896 1334 statim
919 1268 1145 1335 contulerunt.

92 1372 284 1465 Μουρήναν.

174 1595 271 1659 Haeo
298 1593 408 1678 igitur
437 1591 520 1656 adeo
549 1591 641 1656 inter
663 1612 699 1655 se
721 1595 931 1676 congruunt,
963 1596 1003 1657 ut
1031 1591 1237 1658 Plutarchus
1267 1615 1309 1658 ex

89 1698 246 1763 oratione
268 1694 442 1760 Ciceronis
468 1715 530 1780 pro
553 1693 697 1758 Murena
723 1692 841 1758 habita
869 1698 993 1759 cuncta
1020 1694 1237 1760 transtulisse
1258 1695 1309 1760 vi-

89 1801 225 1864 deatur.
270 1795 337 1860 Sed
367 1794 526 1880 quoniam
554 1793 757 1858 Plutarchus
788 1814 859 1858 non
885 1794 916 1858 is
946 1799 1034 1877 erat,
1068 1795 1127 1880 qui
1156 1796 1200 1860 ad
1221 1796 1310 1862 hanc

86 1921 195 1966 unam
229 1919 301 1962 rem
329 1895 549 1962 enarrandam
577 1896 751 1962 evolveret
779 1896 1069 1983 perlustraretque
1108 1897 1201 1962 illam
1231 1919 1304 1963 ora-

93 2003 241 2083 tionem,
260 1998 367 2062 mirus
389 1997 447 2062 ille
468 2018 650 2062 consensus
673 2002 708 2062 et
729 2019 842 2061 rerum
864 2000 900 2060 et
913 1991 1095 2060 verborum
1117 1996 1198 2062 inde
1213 2003 1307 2063 ortus

95 2108 165 2184 est,
199 2100 291 2186 quod
319 2120 394 2163 eam
422 2103 527 2164 totam
557 2120 598 2162 ex
621 2098 794 2163 Ciceronis
825 2098 1065 2163 commentario
1089 2098 1219 2164 Graeco
1250 2099 1307 2163 de·

92 2203 261 2292 prompsit
268 2199 366 2284 „ubi
388 2198 522 2264 eaedem
552 2221 606 2264 res
628 2198 728 2287 plane
756 2199 793 2263 in
815 2198 960 2264 eundem
981 2199 1118 2264 modum
1147 2205 1250 2285 atque
1272 2200 1308 2265 in

91 2305 295 2370 Mureniana
316 2305 471 2366 narratas
494 2321 569 2365 esse
592 2306 746 2387 apertum
769 2305 822 2364 est
843 2305 878 2364 et
898 2300 1125 2368 manifestum.

173 2473 227 2536 Ex
242 2472 361 2538 eodem
383 2471 479 2536 i'onte
496 2470 599 2537 etiam
614 2476 716 2557 caput
726 2470 795 2536 XV
810 2469 950 2536 fluxisse
972 2471 1073 2538 certis
1096 2473 1306 2558 argumentis

94 2573 306 2661 comprobari
327 2578 449 2661 potest.
488 2572 575 2636 Nam
591 2571 795 2637 Plutarchus
810 2572 847 2635 in
861 2573 954 2638 vitae
966 2573 1079 2638 Crassi
1096 2573 1206 2660 capite
1218 2574 1310 2640 XIII

97 2675 267 2762 quendam
289 2697 307 2739 e
327 2672 512 2740 coniuratis
535 2674 584 2738 ait
606 2673 769 2738 detulisse
791 2674 964 2758 Crassum,
996 2675 1056 2740 sed
1084 2673 1256 2740 neminem
1279 2675 1310 2740 ei

93 2775 222 2842 indicio
249 2775 351 2842 fidem
371 2773 549 2856 habuisse;
582 2783 616 2838 et
645 2774 755 2860 ipsum
784 2775 921 2860 quidem
944 2775 1142 2841 Ciceronem
1164 2775 1312 2860 quodam

89 2878 128 2942 in
152 2877 278 2964 scripto
302 2876 351 2963 (έν
365 2903 432 2945 τινι
447 2873 594 2962 λόγῳΥΒ)
616 2875 709 2940 haud
731 2875 874 2942 obscure
889 2877 1049 2945 Crassum
1064 2877 1310 2962 Caesaremque

89 2981 163 3046 eius
187 2976 432 3044 coniurationis
454 2975 636 3062 participes
658 2975 796 3058 fecisse3
830 2977 890 3042 sed
918 2976 1005 3044 illud
1031 2983 1110 3066 post
1131 2977 1309 3062 utriusque

91 3086 237 3146 mortem
260 3078 390 3143 editum
412 3099 494 3142 esse.
534 3080 576 3144 In
591 3079 678 3144 libro
701 3085 832 3163 autem,
856 3102 957 3166 quern
978 3081 1021 3146 de
1043 3103 1104 3148 suo
1128 3081 1307 3147 consulatu

90 3182 340 3271 composuisset
355 3180 488 3264 Cicer0,
512 3181 670 3247 Crassum
692 3181 782 3248 tradi
803 3188 907 3248 noctu
929 3182 1105 3270 adipsum
1127 3183 1324 3250 accessisse*

165 3495 203 3560 ὀ)
228 3493 327 3548 Nescio
345 3492 608 3561 quid'Drumannus
627 3490 680 3544 sibi
698 3491 833 3556 volucrit,
853 3509 915 3546 cum
945 3493 976 3558 (l.
997 3511 1019 3546 c.
1039 3493 1071 3561 V,
1089 3492 1154 3560 458;
1180 3493 1229 3562 III,
1249 3493 1312 3560 168)

234 3579 337 3635 diceret
363 3579 522 3632 Ciceronem
559 3577 628 3632 haec
658 3577 687 3630 in
712 3579 878 3632 oratione
906 3579 998 3648 aliqua
1025 3578 1123 3633 Crasso
1148 3578 1312 3650 Caesarique

232 3667 369 3721 obiecisse.
405 3665 570 3719 Plutarchus
595 3663 685 3732 enim,
710 3664 732 3716 si
751 3663 825 3718 hunc
850 3666 942 3719 locum
965 3670 1040 3720 recte
1057 3663 1202 3735 inlellego‚
1224 3666 1314 3736 expri-

232 3770 304 3806 mere
319 3753 407 3807 voluit
426 3750 590 3807 Ciceronem*
608 3749 674 3818 quid
699 3750 733 3803 de
757 3751 800 3805 his
819 3752 884 3806 viris
904 3751 1018 3806 sentiret
1036 3751 1198 3823 occultasse,
1214 3770 1312 3821 quam·

231 3839 277 3892 diu
301 3838 436 3908 viverent,
461 3843 524 3908 post
550 3853 645 3891 eorum
668 3841 785 3891 mortem
810 3839 955 3908 aperuisse.
1009 3837 1062 3892 Sed
1089 3839 1227 3907 quomodo
1254 3840 1314 3894 fieri

233 3926 337 3996 potuit,
368 3929 400 3980 ut
423 3942 456 3980 aa
473 3923 607 3994 suspicio,
634 3939 715 3990 quam
737 3924 832 3978 Cicero
856 3926 885 3978 in
911 3925 1036 3979 oratioue
1059 3924 1153 3994 aliqua
1183 3926 1313 3982 adversus

234 4029 280 4066 eos
299 4013 399 4082 movit,
418 4012 447 4066 in
465 4012 566 4081 vulgus
583 4025 640 4062 non
650 4013 812 4065 emanaret?
842 4013 932 4067 Immo
946 4010 1118 4081 significatus
1134 4028 1193 4066 esse
1205 4012 1313 4068 videtur

227 4104 315 4172 liber,
340 4121 421 4172 quem
445 4105 503 4174 ipse
528 4095 707 4178 ,ἀνέκδοτοιι
737 4105 800 4169 (cfr.
831 4104 867 4157 ad
881 4104 947 4158 nu.
972 4105 1012 4173 ll,
1044 4103 1076 4172 6,
1100 4104 1147 4173 2),
1179 4105 1313 4162 Asconius

230 4196 449 4265 ‚expositionem‘
480 4201 560 4252 vocat
584 4197 651 4268 ,eius
674 4197 860 4252 consiliorum‘
886 4196 949 4263 (cfr.
975 4215 1001 4266 p.
1019 4197 1083 4265 83),
1111 4196 1159 4251 ubi
1182 4197 1309 4250 Crassum

229 4283 428 4351 Caesaremque
450 4288 558 4352 praeter
586 4288 690 4340 ceteros
717 4284 752 4342 ab
779 4301 811 4340 eo
835 4284 1014 4354 reprehensos
1039 4299 1097 4343 esee
1117 4283 1168 4342 Dio
1194 4285 1313 4345 testatur

230 4367 294 4438 (etr.
314 4367 356 4439 39,
375 4369 432 4437 10),
