3198 4980
630 287 674 360 81

78 499 164 594 Ἔφη
190 501 224 569 δὲ
252 503 308 568 καὶ
329 501 483 577 Σιλανος
499 493 637 578 Ἰούνιος

42 603 223 688 ἀκηκοέναι
238 597 335 680 τινὰς
348 598 513 688 Κεθήγου
527 603 634 686 λέγοι·-

40 731 118 784 τος,
160 702 204 781 ὡς
237 700 359 771 ὕπατοί
394 727 430 768 τε
463 714 550 788 τρεῖς
580 705 634 768 καὶ

41 808 225 895 στρατηγοὶ
241 809 397 892 τέτταρες
417 802 634 892 ἀναιρεῖσθαι

39 909 212 992 μέλλουσι
259 907 405 972 Τοιαῦτα
421 903 450 970 δ’
469 912 563 993 ἕτερα
579 905 634 970 καὶ

40 1011 194 1085 Πείσων,
219 1001 304 1094 ἀνὴρ
326 1001 500 1085 ὑπατικός,
530 1002 632 1090 εἰσήγ·

43 1109 142 1192 γειλε.
156 1103 200 1186 ⁴⁵).

92 1277 127 1340 Γ
123 1271 197 1350 όϊος
217 1275 249 1340 δὲ
264 1274 478 1350 Σουλπίκιος,
499 1270 547 1350 εἷς
567 1275 634 1338 τῶν
740 1273 801 1356 §8-
823 1271 939 1359 Atque
947 1273 1128 1340 interee-
1141 1273 1261 1341 osd-

45 1377 249 1461 στρατηγῶν,
271 1376 324 1441 ἐπὶ
345 1369 407 1455 τὴν
429 1379 537 1441 οὶκίαν
555 1397 633 1458 πεμ·
676 1372 804 1461 picium
829 1379 1034 1461 praetorem,
1064 1376 1186 1441 fortem
1209 1375 1261 1441 vi·

47 1477 155 1567 φθεὶς
175 1479 236 1542 τοῦ
258 1470 421 1560 Κεθήγου
442 1469 550 1541 πολλὰ
571 1477 635 1559 μὲν
676 1494 768 1558 rum,
809 1474 900 1560 misi,
944 1477 1004 1561 qui
1042 1498 1084 1542 ex
1120 1475 1260 1542 aedibus

47 1583 85 1642 ἐν
104 1574 189 1668 αὐτῇ
210 1576 292 1660 βέλη
308 1577 361 1640 καὶ
377 1573 472 1654 ὅπλα,
495 1578 633 1642 πλεῖστα
677 1573 836 1660 Cethegi,
859 1575 888 1640 si
903 1575 987 1662 quid
1000 1577 1147 1643 telorum
1161 1583 1260 1662 esset,

43 1677 79 1741 δὲ
108 1675 191 1768 ξίφη
213 1678 269 1741 καὶ
290 1679 453 1766 μαχαίρας
473 1665 544 1766 εὗρε
566 1700 632 1743 νεο-
677 1675 1261 1762 efferret:exquibusillemaximum

42 1772 202 1857 θήκτσυς
222 1771 362 1853 ἁπάσας.
676 1776 822 1842 sicarum
831 1799 1011 1844 numerum
1024 1784 1059 1844 et
1067 1779 1260 1866 gladiorum

676 1877 808 1943 extulit

94 1976 197 2052 Τέλος
217 1977 251 2043 δὲ
273 1981 320 2062 τῷ
335 1975 547 2071 Κροτωνιάτῃ
570 1996 631 2070 ψη·
739 1984 759 2063 ξ
796 1979 844 2046 12.
909 1979 1107 2046 Vulturcius
1147 1980 1261 2066 [fidem

45 2081 238 2168 φισαμένης
271 2073 384 2145 ἄδειαν
415 2081 465 2145 ἐπὶ
493 2075 632 2165 μηνύσει
675 2079 847 2168 publicem
855 2079 951 2145 iussu
962 2085 1100 2146 senatus
1111 2081 1192 2148 dedi
1201 2082 1260 2168 (ei)

42 2180 107 2257 τῆς
116 2177 242 2261 βουλῆς
251 2177 632 2264 ἐξελεγχθεὶςόΛέντλος
675 2181 735 2247 cfr.
755 2182 822 2266 58]
851 2180 983 2247 litteras
1005 2181 1130 2269 aperiri
1150 2182 1259 2249 iubet.

674 2284 790 2368 Atque
803 2281 854 2347 ibi
871 2281 1169 2349 vehementissime
1182 2304 1257 2371 per-

674 2383 831 2451 turbatus
861 2382 1028 2450 Lentulus
1062 2385 1197 2471 signum
1218 2426 1258 2436 -

675 2485 846 2574 coguovit.

46 2584 251 2672 ἀπωμόσατο
287 2586 348 2673 τὴν
382 2589 488 2678 ἀρχή-ν
522 2598 630 2681 (προ.
737 2585 825 2670 §Id
861 2585 1039 2673 Lentulus,
1056 2607 1260 2674 quamquem

46 2691 157 2773 τηγῶν
182 2687 247 2779 γὰρ
276 2688 457 2778 ἐτύγχανε),
487 2697 541 2760 καὶ
569 2691 632 2776 τὴν
675 2731 715 2741 -
736 2686 864 2754 indicio
895 2695 1033 2754 senatus
1060 2710 1131 2755 non
1159 2688 1260 2755 modo

44 2785 295 2884 περιπόρφυρον
323 2800 358 2860 ἐν
386 2797 428 2887 τῇ
449 2795 556 2888 βουλῇ
577 2820 630 2862 κα.
674 2789 840 2877 praetoris
862 2791 932 2874 ius,
954 2812 1076 2856 verum
1095 2790 1198 2856 etiem
1213 2789 1259 2854 ci·

42 2893 237 2975 ταθέμενος
251 2889 422 2976 διήλλαξεν
437 2899 569 2977 ἐσθῆτα
590 2900 631 2991 τῇ
674 2890 728 2956 Vis
742 2889 911 2976 amiserat,
926 2896 1041 2958 tamen
1055 2891 1259 2979 magistratu

45 2995 207 3086 συμφορᾷ
221 2998 418 3078 πρέπουσαν.
674 3013 711 3057 se
732 2990 913 3057 abdicavit.

89 3101 198 3188 Οὗτος
210 3113 274 3195 μὲν
285 3100 407 3178 οὖνκαὶ
423 3117 453 3180 οἱ
466 3109 528 3179 σὺν
539 3112 631 3201 αὐτῷ
737 3109 817 3193 514.
849 3110 965 3195 Atque
979 3110 1029 3177 ite
1045 3116 1258 3193 censuerunt,

47 3209 287 3298 παρεδόθησαν
305 3217 351 3290 εὶς
365 3207 510 3297 ἄδεσμον
526 3217 629 3307 qvia·
674 3217 713 3277 ut
734 3211 771 3276 Ρ.
794 3210 978 3296 Lentulus,
1007 3234 1084 3278 cum
1105 3235 1142 3279 se
1162 3233 1258 3302 pree·

47 3306 109 3391 κῆν
128 3323 200 3390 τοῖς
214 3323 419 3398 στρατηγοῖς.
674 3318 753 3379 ture
773 3312 978 3399 abdicasset,
1007 3315 1044 3380 in
1068 3313 1258 3380 custodiam

673 3415 878 3481 traderetur:
900 3415 1051 3501 itemque
1069 3416 1122 3481 uti
1136 3413 1258 3479 Cethe-

673 3537 738 3603 gus
760 3537 832 3603 sqq.
862 3517 899 3583 in
927 3515 1116 3582 custodiam
1144 3515 1256 3581 trede-

673 3623 801 3684 rentur.

117 3959 160 4024 ⁴⁵)
185 3958 226 4012 De
242 3957 316 4014 Iunii
333 3957 420 4015 Sileni
436 3961 465 4014 et
476 3958 504 4016 0.
512 3957 623 4016 Pisonis
641 3954 750 4016 iudiciis
768 3973 849 4016 nemo
867 3955 996 4017 disseruit
1013 3955 1067 4016 nisi
1084 3955 1257 4014 Plutsrchus.

183 4043 237 4100 Sed
259 4061 316 4099 non
333 4047 389 4116 est,
413 4061 463 4100 cur
484 4045 554 4102 haec
572 4050 620 4101 eut
637 4045 707 4103 falsa
724 4050 772 4102 sut
789 4046 825 4102 ab
842 4044 904 4117 ipso
921 4045 1051 4101 Cicerone
1076 4045 1178 4100 omisso
1199 4061 1258 4104 esee

180 4133 319 4200 putemus.
372 4129 443 4200 Quin
472 4132 556 4187 etiem
579 4134 756 4188 Drumeunus
784 4133 817 4200 (l.
843 4150 866 4188 c.
884 4132 924 4203 V,
951 4131 1010 4202 494,
1033 4131 1081 4200 92)
1108 4131 1257 4186 Plutarcho

180 4229 349 4287 quemquem
367 4217 414 4272 vel·
429 4218 572 4274 minimum
595 4218 679 4273 fidem
696 4220 943 4289 auctoritatemque
960 4215 1081 4274 tribuere
1099 4217 1182 4286 solet,
1205 4216 1256 4271 hes

179 4306 276 4358 temen
300 4319 344 4358 res
367 4320 424 4358 non
448 4306 537 4360 solum
554 4303 654 4374 dignas
673 4322 732 4362 esee
749 4305 904 4374 existimet,
931 4319 1001 4372 quse
1018 4303 1181 4371 credentur,
1208 4301 1256 4356 sed

180 4388 267 4444 etium
288 4388 414 4445 consules
437 4395 633 4462 praetoresque
657 4395 812 4462 enumerat,
843 4405 960 4458 quorum
985 4387 1096 4443 ceedem
1122 4387 1257 4460 cethegus

180 4472 394 4547 significaverat
