3198 4980
253 470 356 559 alter,
388 477 554 559 quantum
584 496 625 539 ex
654 494 694 538 ea
723 472 1019 538 commentationis
1049 476 1146 560 parte
1175 469 1339 558 cognovi,
1369 486 1472 556 quam

253 574 410 640 manibus
433 575 547 658 tenui,
575 576 801 664 inveteratam
828 575 922 640 illam
951 575 1098 640 fontium
1120 573 1393 659 indagandorum
1413 596 1467 638 ra·

252 677 381 741 tionem
414 682 561 759 secutus,
591 670 797 776 ubicumque
828 676 1085 741 similitudinem
1113 675 1284 762 quandam
1313 675 1468 761 quamvis

255 799 397 864 parvam
419 800 497 843 cum
519 767 948 878 Ciceione‘depreheudit,
979 777 1211 843 demonstrare
1234 776 1367 842 studuit
1388 776 1469 840 Plu-

254 878 411 944 tarchum
440 879 532 944 illius
571 891 680 967 opera
710 879 957 968 perdiligenter
997 881 1166 946 evolvisse
1199 885 1301 964 atque
1336 883 1472 966 praeter

253 982 533 1048 commentarium
583 983 681 1048 illum
729 982 900 1048 orationes
949 982 1180 1065 Catilinarias,
1232 979 1468 1044 Murenianam

252 1082 475 1168 libellumque
499 1084 541 1148 de
556 1084 685 1150 Catone
708 1084 934 1172 compositum
956 1083 1107 1168 aliosque
1129 1083 1241 1148 fontes
1257 1082 1468 1164 adhibuisse,

253 1184 339 1250 alter
361 1185 454 1271 quod
475 1207 638 1272 persaepe
661 1187 772 1252 obiter
795 1186 985 1274 disputavit
1000 1191 1102 1270 atque
1126 1207 1213 1269 quae
1234 1184 1301 1270 ipsi
1323 1183 1467 1268 aliisque

253 1288 420 1377 imprimis
443 1289 538 1374 Lago
561 1289 745 1354 statuenda
765 1288 982 1372 videbantur,
1005 1285 1210 1373 significacit
1230 1285 1345 1373 potius
1369 1307 1469 1369 quam

253 1390 356 1455 certis
400 1390 611 1475 argumentis
655 1390 872 1456 confirmavit
912 1389 1156 1475 gravioresque
1192 1388 1285 1451 locos
1328 1387 1469 1470 reliquit

253 1493 469 1575 tractandos,
503 1513 625 1580 operae
657 1493 807 1579 pretium
838 1493 976 1558 videtur
1015 1512 1106 1572 esse,
1142 1487 1224 1574 quid
1258 1488 1300 1552 de
1337 1489 1400 1552 hac
1432 1510 1470 1552 re

257 1592 478 1658 statuendum
501 1593 555 1677 sit,
578 1592 689 1659 denuo
713 1592 982 1678 diligentiusque
1003 1591 1186 1675 inquirere.

340 1694 557 1778 Ciceronem,
589 1695 750 1780 quoniam
779 1717 856 1760 cum
877 1695 998 1759 ceteris
1021 1693 1124 1758 rebus
1147 1692 1184 1756 in
1207 1691 1388 1756 consulatu
1411 1713 1471 1755 suo

256 1795 343 1860 bene
365 1795 489 1882 gestis,
511 1801 587 1861 tum
608 1817 690 1861 vero
715 1794 949 1862 coniuratione
965 1793 1166 1860 Catilinaria
1188 1812 1349 1879 oppressa
1372 1792 1414 1857 de
1436 1815 1473 1856 re

252 1896 393 1984 publica
414 1897 571 1963 Romana
599 1898 727 1984 optime
755 1896 896 1962 meritus
928 1900 997 1979 est,
1021 1917 1102 1959 sane
1125 1893 1269 1978 dignum
1291 1913 1381 1976 esse,
1413 1894 1473 1978 qui

252 1998 393 2062 summis
421 1997 581 2063 laudibus
612 1997 790 2080 efferatur,
820 1997 911 2062 inter
941 2018 1058 2062 omnes
1089 1995 1172 2059 satis
1204 1999 1348 2058 constat.
1402 1993 1471 2060 Suo

254 2099 362 2184 igitur
397 2099 472 2165 iure
513 2121 548 2164 66
586 2099 759 2176 consulem
796 2099 941 2183 ‚curiam
978 2098 1098 2181 caede,
1136 2095 1256 2162 urbem
1294 2096 1473 2180 incendiis,

254 2198 390 2290 Italiam
411 2199 502 2265 bello
524 2199 697 2264 liberasse‘
720 2200 888 2285 gloriatus
912 2204 972 2264 est.

339 2291 410 2364 'Sed
423 2307 603 2387 propterea
617 2299 735 2365 multis
751 2298 907 2363 odiosum
923 2321 958 2362 se
978 2298 1153 2382 reddebat,
1177 2299 1269 2384 quod
1283 2299 1357 2386 ipse
1373 2319 1471 2363 suum

255 2413 379 2465 nomen
401 2407 436 2466 et
451 2401 586 2489 scriptis
608 2405 643 2468 et
658 2399 869 2466 orationibus
891 2399 993 2464 nimis
1009 2400 1180 2464 celebrare
1197 2400 1344 2483 solebat;
1369 2406 1472 2483 atque

254 2503 319 2566 hoc
341 2507 434 2567 recte
454 2503 716 2590 reprehendisse
736 2501 851 2567 neseio
868 2503 944 2586 quis
959 2507 1115 2568 veterum
1129 2503 1268 2569 videtur
1282 2503 1337 2567 his
1352 2502 1467 2568 verbis

258 2618 337 2688 ,11611
359 2605 433 2669 61116
455 2593 571 2688 661166,
595 2605 654 2670 sed
675 2605 750 2670 61116
765 2604 843 2669 fine‘
867 2604 1065 2669 Ciceronem
1086 2603 1243 2668 laudasse
1259 2601 1470 2669 consulatum

257 2725 365 2772 suum.
430 2695 588 2771 Eundem
624 2707 797 2773 Ciceronis
832 2730 961 2793 rnorem
990 2707 1195 2772 Plutarchus
1225 2707 1399 2793 vituperat
1438 2707 1474 2771 in

258 2825 328 2895 cap.
356 2807 494 2891 XXIV,
531 2808 590 2874 11111
619 2815 800 2896 postquam
829 2808 1112 2897 praecedentibus
1148 2809 1318 2896 capitibus
1349 2809 1473 2874 exinria

253 2910 355 2975 laude
372 2931 450 2974 eum
466 2912 661 2994 exornavit,
685 2911 790 2976 alium
811 2912 942 2977 fontem
957 2917 1094 2977 secutus
1110 2911 1269 2978 nonnihil
1290 2911 1321 2975 ei
1337 2910 1471 2974 crimini

256 3011 329 3094 dat,
352 3011 402 3076 ita
416 3017 455 3076 ut
470 3033 511 3076 ex
527 3011 646 3077 eodem
663 3034 720 3079 ore
736 3013 884 3079 calidum
900 3019 933 3078 61
948 3012 1114 3098 frigidum
1129 3013 1281 3100 proferre
1298 3012 1471 3079 videatur:

257 3113 342 3178 dicit
363 3113 454 3178 enim
476 3114 675 3179 Ciceronem
702 3120 736 3180 61
764 3116 801 3180 111
824 3122 944 3182 senatu
975 3121 1009 3180 et
1036 3115 1072 3178 in
1095 3115 1254 3180 contione
1276 3113 1469 3197 iudicioque

258 3216 300 3280 de
332 3214 479 3280 Catilina
507 3216 723 3300 Lentuloque
744 3223 909 3304 perpetuo
938 3215 1033 3300 loqui
1063 3215 1201 3280 solitum
1234 3215 1335 3280 etiam
1364 3214 1470 3279 libros

258 3339 337 3382 suos
363 3321 398 3381 et
426 3317 684 3382 commentarios
713 3317 910 3383 huiusmodi
938 3316 1097 3383 laudibus
1128 3317 1314 3404 replevisse
1344 3314 1469 3379 oratio·

258 3437 407 3503 menque
428 3439 524 3482 suam
546 3418 758 3484 auditoribus
781 3419 844 3483 hac
873 3441 910 3483 re
931 3418 1109 3483 molestam
1129 3415 1328 3482 reddidisse.
1373 3414 1470 3492 Quod

261 3519 399 3605 quidem
419 3519 540 3605 negari
562 3521 692 3605 nequit.
735 3520 893 3606 Longum
925 3526 977 3584 est
999 3519 1112 3584 omnia
1135 3518 1207 3584 eius
1230 3516 1356 3602 scripta
1379 3535 1468 3580 com-

259 3641 461 3704 memorare,
493 3621 530 3685 in
561 3621 685 3705 quibus
715 3623 891 3688 occasione
920 3623 1000 3687 data
1029 3621 1071 3686 de
1101 3620 1283 3685 consulatu
1314 3639 1375 3683 suo
1399 3618 1471 3683 sive

257 3723 375 3809 paucis
405 3721 478 3786 sive
506 3720 662 3813 pluribus
692 3723 845 3788 ornatius
880 3743 1049 3810 exponere
1085 3744 1154 3786 11611
1185 3720 1315 3785 omisit:
1358 3720 1400 3784 de
1429 3720 1471 3783 iis

258 3829 393 3889 tantum
429 3823 560 3908 agitur,
596 3825 720 3909 quibus
749 3829 823 3912 ipse
851 3832 959 3891 totam
988 3845 1101 3889 rerum
1137 3823 1174 3888 in
1204 3823 1384 3889 consulatu
1413 3841 1473 3886 suo

258 3932 433 4012 gestarum
454 3927 651 3991 memoriam
674 3929 844 3994 contineri
865 3927 1126 4015 posteritatique
1148 3924 1239 3990 tradi
1261 3925 1380 3991 voluit.

343 4028 458 4111 Atque
470 4027 539 4092 16111
550 4027 647 4093 brevi
658 4035 737 4114 post
752 4030 1021 4095 coniurationem
1032 4025 1267 4093 Catilinariam
1279 4043 1473 4113 oppressam

261 4127 418 4193 Ciceroni
439 4127 476 4192 in
498 4128 611 4194 animo
635 4135 708 4194 erat
722 4152 776 4195 res
795 4152 874 4195 suas
888 4131 1013 4195 litteris
1028 4130 1204 4212 mandare,
1228 4127 1471 4213 quodquidam

260 4227 455 4316 significare
477 4227 563 4293 1111111
578 4227 714 4296 videtur
735 4231 845 4314 locus,
870 4230 928 4316 qui
945 4236 1055 4295 exstat
1077 4230 1114 4294 in
1129 4229 1284 4295 oratione
1298 4250 1361 4316 pro
1378 4228 1474 4296 Sulla

258 4329 377 4395 habita
398 4330 447 4414 (in
469 4333 488 4412 ξ
510 4327 580 4414 2611
611 4330 658 4414 ‚Si
679 4330 766 4396 mihi
787 4353 830 4396 ne
853 4331 897 4395 ad
920 4353 959 4396 ea
982 4331 1136 4416 quidem,
1168 4353 1254 4416 quae
1275 4351 1338 4418 pro
1362 4330 1472 4395 salute

258 4431 409 4500 omnium
431 4429 540 4519 gessi,
563 4431 774 4498 recordanda
796 4437 831 4497 et
852 4429 1036 4521 cogitanda
1063 4433 1244 4520 quicquam
1265 4432 1472 4518 relinquitur
