3198 4980
874 291 915 360 10

787 381 995 393 Μ

283 519 285 526 ·
365 494 552 563 Veniamus
574 516 666 562 nunc
680 496 731 564 ,ad
752 495 839 562 illud
860 495 1112 582 iusiurandum,
1143 513 1209 584 quo
1233 497 1402 565 coniurati
1424 519 1498 566 sese
1595 531 1596 556 1

281 597 548 666 obstrinxerunt.
593 599 645 666 Ne
666 598 731 664 hoc
754 597 891 683 quidem
913 599 951 663 in
973 597 1147 664 Ciceronis
1168 597 1275 683 libris,
1299 599 1357 684 qui
1380 623 1498 688 super·
1595 625 1596 644 ³

278 706 376 782 sunt,
405 699 634 782 invenitur¹⁷);
665 705 920 766 verumtamen
948 722 1019 766 non
1047 701 1190 766 dubium
1212 706 1280 784 est,
1311 701 1395 786 quin
1416 703 1498 768 Plu·
1595 713 1596 728 ¹

279 801 417 866 tarchus
439 801 503 867 hoc
526 824 568 866 ex
590 803 831 866 commentario
856 803 986 868 Graeco
1009 803 1238 886 transtulerit,
1271 804 1397 891 quippe
1419 828 1498 871 cum

279 904 413 988 Cicero,
444 905 604 989 quoniam
637 909 776 990 propter
808 905 1076 970 internecionem
1109 905 1235 971 civium
1264 906 1497 972 Romanorum

278 1003 315 1070 in
338 1005 415 1070 odio
437 995 623 1072 multorum
646 1013 729 1090 erat,
751 1007 839 1072 nihil
860 1007 1034 1092 antiquius
1057 1007 1200 1072 haberet
1216 1029 1318 1092 quarn
1340 1013 1379 1072 ut
1394 1007 1496 1072 nimis

281 1112 423 1192 augeret
448 1106 616 1192 quidquid
636 1108 805 1174 coniurati
826 1107 955 1172 nefarie
977 1107 1148 1194 impieque
1170 1108 1331 1174 fecerant.
1377 1109 1497 1193 Neque

278 1213 393 1272 tamen
427 1207 616 1273 diiudicare
659 1209 783 1292 aude0,
823 1214 938 1274 utrum
972 1209 1089 1275 Cicero
1122 1209 1206 1276 haec
1240 1211 1301 1296 pro
1336 1214 1429 1274 certo
1463 1215 1498 1273 et

278 1309 452 1396 explorato
480 1310 639 1375 habuerit
668 1316 770 1395 atque
809 1312 1019 1397 exposuerit,
1057 1333 1101 1376 00
1134 1312 1260 1376 famam
1297 1309 1497 1396 dissipatam

279 1433 352 1475 esse
374 1411 555 1476 tradiderit
575 1411 652 1477 11100
676 1411 719 1476 ad
740 1416 871 1476 tantam
894 1411 1076 1476 amentiam
1097 1413 1321 1498 processisse,
1343 1417 1383 1476 ut
1405 1435 1495 1476 sum·

279 1535 372 1578 mum
393 1512 490 1578 nefas
513 1513 747 1593 admitterent;
776 1511 813 1576 id
840 1512 932 1596 quod
953 1512 1169 1597 Plutarchus,
1193 1512 1289 1598 quasi
1314 1517 1495 1596 constaret,

277 1613 465 1679 narrationi
487 1636 568 1678 suae
589 1612 782 1678 immiscuit.
827 1597 943 1697 Atque
965 1612 1050 1678 tales
1066 1635 1217 1680 rumores
1234 1622 1308 1679 tum
1323 1614 1494 1701 dispersos

277 1738 350 1780 esse
372 1715 527 1780 Sallustii
556 1712 752 1780 testimonio
782 1713 1016 1797 confirmatur,
1047 1715 1106 1799 qui
1133 1720 1172 1798 (c.
1195 1717 1250 1799 22,
1274 1717 1305 1800 3)
1338 1715 1438 1799 ,haec
1462 1722 1496 1782 et

276 1815 384 1880 multa
412 1817 661 1903 praeterea'ad
682 1815 883 1880 invidiam
910 1816 952 1879 in
975 1815 1211 1882 Ciceronem
1240 1823 1359 1904 postea
1386 1823 1495 1882 ortam

274 1918 512 1984 leniendam
533 1919 614 1984 ficta
637 1940 710 1983 esse
733 1917 775 1982 ab
792 1917 966 1982 nonnullis
990 1918 1092 1984 010111ί
1115 1918 1274 1986 affirmat.
1318 1920 1392 1985 Iam
1413 1943 1495 1985 vero

275 2019 350 2106 ipsa
383 2020 557 2084 Ciceronis
590 2019 694 2085 verba
734 2043 811 2084 cum
843 2019 1028 2084 Plutarcho
1070 2044 1264 2108 comparare
1304 2045 1494 2110 possumus.

275 2123 430 2207 Namque
462 2145 549 2208 quae
578 2123 635 2187 1110
664 2124 815 2209 pressius
846 2122 945 2206 dicit,
977 2123 1145 2207 quomodo
1168 2124 1315 2188 Catilina
1336 2147 1495 2210 magnam

275 2224 466 2290 iuventutis
489 2225 639 2290 urbanae
660 2225 1015 2312 partemoorruperit,
1038 2226 1097 2290 ille
1118 2226 1296 2291 verbosius
1320 2227 1494 2313 exposuit:

276 2327 381 2410 ,Quae
405 2332 501 2392 tanta
522 2349 674 2411 unquam
702 2327 740 2392 in
771 2327 841 2392 ullo
863 2327 1001 2392 homine
1022 2328 1212 2392 iuventutis
1235 2327 1407 2394 inlecebra
1429 2329 1496 2394 fuit

276 2434 403 2514 quanta
434 2430 471 2494 in
500 2429 582 2494 illo?
617 2429 676 2513 qui
709 2428 792 2493 alios
823 2428 958 2495 amabat
988 2431 1062 2517 ipse
1098 2427 1310 2518 turpissime,
1351 2429 1495 2495 aliorum

276 2531 383 2596 amori
404 2531 671 2617 flagitiosissime
695 2530 882 2615 serviebat,
912 2531 987 2596 aliis
1010 2531 1160 2596 fructum
1188 2531 1388 2614 libidinum,
1420 2533 1506 2597 aliis

276 2639 420 2700 mortem
449 2637 630 2719 parentum
664 2655 734 2699 000
769 2635 870 2700 modo
901 2634 1120 2721 impellendo,
1151 2657 1271 2700 verum
1299 2635 1403 2700 etiarn
1436 2636 1494 2701 ad-

274 2734 424 2800 iuvando
453 2733 688 2820 pollicebatur‘
719 2736 856 2820 ((1012,
885 2735 937 2820 8);
977 2736 1100 2820 quibus
1131 2736 1218 2800 adde
1247 2757 1289 2802 ex
1317 2736 1492 2802 Caeliana:

274 2835 499 2920 ‚Quamquam
528 2835 628 2899 multi
657 2835 739 2900 boni
769 2835 1004 2902 adulescentes
1035 2836 1087 2900 1111
1108 2837 1239 2901 homini
1266 2857 1424 2923 nequam'
1444 2845 1495 2903 at-

276 2958 341 3021 que
363 2935 517 3024 improbo
541 2937 761 3004 studuerunt‘
792 2940 823 3021 (ξ
848 2938 915 3022 10);
941 2944 1048 3019 ,erant
1070 2938 1161 3024 apud
1181 2937 1279 3004 illum
1301 2939 1493 3005 inlecebrae

274 3037 458 3105 libidinum
479 3039 615 3104 multae‘
639 3043 670 3122 (ξ
687 3040 753 3124 12),
786 3040 871 3125 ,quis
889 3039 926 3104 in
940 3039 1124 3125 largitione
1140 3041 1303 3106 effusior?
1325 3041 1385 3106 illa
1401 3065 1492 3126 vero,

277 3140 417 3223 10111000,
440 3140 477 3204 10
492 3139 551 3206 illo
566 3139 703 3206 homine
717 3141 888 3206 mirabilia
902 3141 1051 3224 fuerunt,
1068 3143 1353 3230 comprehendere
1368 3145 1493 3210 multos

276 3233 439 3324 amicitia,
471 3241 560 3306 tueri
590 3241 769 3326 obsequio,
800 3265 877 3306 curn
910 3242 1068 3307 omnibus
1102 3243 1368 3329 communicare,
1403 3245 1494 3330 quod

272 3346 432 3429 habebat,
456 3345 585 3410 servire
615 3345 825 3431 temporibus
857 3338 995 3410 suorum
1022 3345 1173 3410 omnium
1195 3345 1349 3433 pecunia,
1371 3347 1492 3432 gratia,

412 3613 541 3667 Lutatiae
559 3613 648 3681 gentis
668 3613 837 3680 pertractum
857 3609 971 3679 singulis
990 3609 1121 3662 membris
1141 3609 1248 3676 fractis,
1274 3608 1360 3662 oculis
1379 3607 1493 3676 effossis,

409 3700 469 3752 vita
486 3696 623 3767 privavit‘.
660 3698 685 3750 A
696 3696 794 3764 quibus
814 3697 896 3764 longe
914 3694 1047 3748 recedunt
1057 3695 1151 3748 Cicero
1171 3695 1214 3759 (in
1232 3698 1287 3764 tog.
1308 3695 1386 3750 caud.
1406 3714 1432 3764 p.
1444 3695 1492 3758 84)

409 3785 544 3840 Asconius
580 3783 691 3850 (eodem
721 3783 795 3848 loco)
825 3781 1006 3849 Plutarchus,
1043 3780 1089 3848 qui
1120 3781 1266 3834 Catilinam
1295 3781 1377 3834 Marii
1409 3787 1493 3850 caput

409 3871 532 3927 abcisum
560 3887 609 3939 per
632 3869 728 3923 urbem
750 3869 785 3923 ad
803 3868 908 3922 Sullam
932 3871 963 3932 (s
981 3867 1105 3922 Ianiculo
1129 3884 1215 3934 usque
1239 3867 1274 3920 ad
1298 3867 1392 3921 aedem
1410 3867 1493 3936 Apol-

408 3959 490 4025 linis)
515 3975 565 4012 sua
589 3974 672 4010 manu
697 3955 793 4009 tulisse
817 3953 1002 4008 consentiunt.
1056 3952 1143 4019 Quem
1167 3952 1202 4006 ob
1228 3970 1286 4006 rem
1312 3953 1492 4008 Plutarchum

408 4043 533 4112 quamvis
557 4060 591 4096 ex
617 4042 676 4111 ipso
694 4041 824 4094 Cicerone
848 4040 920 4092 hanc
939 4038 1177 4092 narratiunculam
1195 4038 1346 4108 sumpsisse
1366 4055 1492 4108 compro·

408 4130 469 4182 bari
495 4127 608 4182 minime
631 4125 763 4194 dixerim,
790 4129 885 4180 tamen
909 4142 942 4177 ex
966 4123 1045 4178 Livio
1071 4140 1131 4176 eam
1152 4123 1359 4193 deprompsisse
1378 4125 1492 4178 omnino

411 4232 468 4270 non
487 4212 694 4268 concedendum
712 4215 760 4266 est.

359 4321 390 4387 Π)
409 4318 469 4373 Nisi
488 4318 543 4371 huc
561 4316 705 4371 referenda
722 4318 787 4368 sunt
805 4313 858 4368 Cic.
879 4314 963 4367 verba
981 4313 1047 4382 (cat.
1068 4315 1092 4383 1,
1112 4315 1168 4382 16):
1193 4331 1278 4383 ,quae
1303 4313 1413 4382 quidem
1433 4313 1490 4382 (sol.

409 4406 476 4472 0100)
497 4404 596 4472 quibus
615 4405 664 4458 abs
684 4407 711 4456 te
729 4401 839 4455 initiata
857 4401 942 4455 sacris
968 4417 1000 4454 ac
1018 4400 1117 4456 devota
1141 4400 1177 4455 sit
1200 4401 1306 4470 nescio,
1334 4399 1409 4470 quod
1431 4417 1492 4454 eam

407 4508 519 4548 necesse
536 4493 617 4562 putas
635 4490 665 4545 in
683 4489 804 4544 consulis
822 4504 936 4559 corpore
954 4487 1089 4559 defigeret
