3198 4980
877 253 922 332 28

795 342 1003 358 ---÷»--·-

291 459 466 545 Κορνηλίῳ
495 462 604 540 ἐκείνῳ
635 464 781 550 φέροντα
814 455 875 540 τὴν
917 479 1075 539 11111111;
1113 456 1256 522 Cinnam
1289 463 1369 524 ante
1401 481 1441 522 se
1476 463 1518 522 et

292 563 477 647 μοναρχίαν
508 557 598 642 ἥκειν
632 555 692 626 τὸν
724 561 874 643 δαίμονα,
919 557 1048 623 Sullam
1070 558 1190 622 fuisse:
1214 559 1360 624 eundem
1383 582 1461 644 sqq.

293 663 347 725 καὶ
377 661 444 725 δεῖν
473 657 607 736 πάντως
634 662 791 745 δέχεσθαι
822 662 875 725 καὶ
981 658 1041 724 111.
1065 659 1167 724 etiam
1190 659 1262 724 Cat.
1284 659 1313 743 4,
1336 659 1356 723 2
1379 667 1466 728 extr.

291 757 338 844 μὴ
353 763 565 853 διαφθείρειν
579 756 878 846 1111111111

297 861 430 949 καιροὺς
451 859 557 946 ὥσπερ
579 863 771 939 Κατιλίνας.

376 978 490 1043 Etiam
517 984 619 1064 caput
644 979 767 1045 XVHI
794 985 903 1044 totum
918 981 1128 1048 Plutarchus
1151 984 1390 1048 commentario
1413 983 1517 1047 Cice-

292 1081 384 1146 ronis
413 1079 522 1145 debet.
568 1081 778 1166 Quamquam
799 1082 856 1146 hic
878 1103 993 1148 earum
1016 1085 1222 1168 orationum,
1253 1106 1339 1168 quae
1361 1089 1515 1167 exstant,

292 1182 386 1247 nullo
416 1183 490 1247 loco
519 1183 561 1245 dc
589 1182 706 1246 eadem
733 1205 769 1246 re
791 1183 833 1247 ab
855 1183 914 1248 illo
936 1189 1082 1250 tractata
1102 1185 1167 1251 hoc
1190 1185 1300 1298 capite
1320 1185 1418 1250 velut
1442 1209 1515 1251 uno

294 1288 412 1347 tencre
446 1281 600 1367 exponit,
642 1282 701 1346 sed
735 1283 870 1368 singula
907 1289 1039 1350 tantum
1075 1286 1230 1370 attingit,
1271 1292 1311 1350 11
1343 1287 1574 1352 nonnulla
1573 1323 1574 1392 ,

294 1383 422 1448 frustra
437 1382 527 1470 apud
543 1405 619 1447 eum
633 1384 794 1468 requiras,
811 1389 926 1448 tamen
941 1407 970 1448 si
961 1384 1229 1450 Plutarchum
1220 1409 1257 1450 m
1272 1386 1417 1472 singulis
1435 1408 1516 1452 cum
1573 1399 1574 1466 1

293 1487 455 1553 Cicerone
477 1487 668 1551 consentire
687 1488 842 1552 demonst
828 1489 1040 1603 traverimns,
1062 1489 1146 1553 haec
1169 1493 1300 1571 cuncta,
1324 1510 1402 1554 cum
1416 1489 1513 1554 inter
1573 1471 1574 1556 l

293 1611 329 1652 se
350 1593 421 1652 tam
443 1593 515 1652 arte
537 1587 816 1672 cohaereant,t
777 1595 816 1654 ut
838 1591 898 1654 vix
920 1591 1039 1661 divelli
1061 1592 1209 1677 possint,
1240 1612 1281 1654 ex
1305 1611 1344 1654 eo
1367 1589 1512 1656 fluxisse

295 1688 469 1754 credamus
498 1710 635 1752 necesse
666 1695 726 1756 est
778 1691 893 1774 Atque
916 1691 1032 1755 Cicero
1056 1713 1192 1776 quoque
1213 1691 1403 1756 Lentulum
1421 1689 1574 1756 nihil

295 1789 439 1871 humile,
461 1789 548 1852 nihil
568 1790 636 1854 vile
659 1791 826 1876 cogitasse
849 1796 979 1855 censet:
1002 1813 1082 1856 nam
1103 1792 1160 1856 hic
1182 1792 1225 1856 ad
1247 1792 1508 1874 evertenda,

295 1899 335 1957 ut
373 1892 480 1978 ipsius
515 1892 629 1957 verbis
662 1898 755 1975 utar,
797 1893 1081 1958 fundamenta
1119 1895 1171 1958 111
1202 1894 1358 1981 publicae
1394 1893 1511 1958 Gallos

296 1993 451 2077 arcessit,
489 1994 629 2060 servitia
660 1995 824 2077 concitat,
855 1995 1037 2061 Catilinam
1065 2001 1165 2061 vocat
1194 1993 1514 2081 1(11.Ο11.4,13).

297 2097 417 2180 Neque
446 2095 487 2159 ab
517 2095 576 2159 illo
598 2094 777 2180 recedunt,
810 2098 938 2162 utiam
960 2119 1062 2184 supra
1084 1997 1247 2182 diximirS,
1284 2119 1323 2162 aa
1352 2119 1441 2182 quae
1471 2098 1516 2162 de

296 2197 457 2283 Pompeio
489 2196 628 2281 eiusque
653 2197 769 2261 liberis
799 2198 1001 2263 Plutarchus
1023 2205 1148 2266 narrat.
1200 2198 1365 2264 Similiter
1387 2198 1517 2262 deinde

298 2298 534 2382 Saturnalia⁴²)
564 2299 607 2362 ad
636 2299 773 2363 caedem
802 2305 899 2363 const
885 2299 987 2363 tituta
1016 2320 1109 2364 1111
1120 2301 1162 2365 ab
1191 2305 1336 2384 utroque
1365 2299 1517 2364 refertur

1573 2475 1574 2552 l

298 2401 459 2486 (1111
396 2401 468 2466 Cat
481 2401 510 2483 3,
527 2401 576 2464 10.
594 2401 655 2483 17).
691 2401 784 2465 Leve
806 2422 886 2465 vero
910 2401 1093 2466 discrimen
1116 2406 1176 2484 est,
1200 2401 1291 2486 quod
1305 2400 1574 2468 Plutarchus

302 2526 373 2569 non
399 2501 499 2567 modo
528 2523 635 2585 arma,
670 2502 729 2568 sed
758 2503 860 2567 etiam
891 2508 1048 2590 stuppam
1078 2508 1112 2567 et
1141 2451 1321 2589 srilphur
1311 2525 1349 2566 11
1371 2503 1520 2590 Cethegi

373 2695 410 2758 41)
435 2693 476 2744 Α1
496 2691 607 2760 nequis
625 2691 693 2744 haec
705 2691 790 2745 verba
806 2707 822 2744 a
840 2691 969 2746 Cicerone
989 2691 1139 2744 dissentire
1157 2695 1260 2744 temere
1278 2692 1415 2762 opinetur,
1434 2711 1519 2760 quern

436 2777 548 2830 Lentuli
573 2777 732 2830 tarditatem
752 2793 932 2845 somnumque
951 2777 1101 2844 castigasse
1119 2781 1216 2830 notum
1234 2782 1283 2830 est.
1313 2778 1428 2832 Minime
1440 2780 1515 2832 enim

436 2863 568 2916 hocloco
591 2862 724 2916 Lentulus
748 2863 865 2932 impiger
890 2867 916 2916 et
936 2879 998 2916 acer
1017 2867 1044 2915 et
1061 2863 1152 2916 audax
1170 2862 1254 2916 luisse
1272 2863 1388 2932 dicitnr,
1412 2864 1457 2916 sed
1479 2865 1513 2931 ei,
1573 2879 1574 2920 ζ

435 2949 481 3017 qui
512 2966 584 3002 vana
615 2949 663 3002 illa
687 2950 799 3004 oracula
823 2951 996 3017 cecinerunt,
1031 2949 1110 3002 illum
1139 2949 1257 3003 exitasse
1283 2949 1443 3016 traduntur,
1476 2966 1514 3001 ne

435 3036 593 3090 cunctando
611 3037 783 3090 occasionem
802 3035 936 3104 perderet.
979 3034 1126 3089 Catilinam
1150 3053 1215 3090 vero
1238 3036 1329 3105 ipsum
1357 3034 1517 3102 coniuratis,

435 3122 482 3190 qui
506 3122 535 3174 in
558 3122 626 3175 urbe
648 3123 843 3190 versabantur,
871 3122 972 3175 lentius
995 3120 1125 3189 progredi
1150 3121 1238 3174 visum
1264 3138 1321 3176 esse
1346 3139 1378 3176 ex
1402 3138 1434 3174 ac
1453 3138 1517 3189 per-

437 3208 565 3276 spicitur,
590 3209 663 3276 qnod
688 3209 712 3261 ei
735 3209 950 3277 mandaverunt,
973 3211 1004 3260 ut
1029 3207 1064 3261 ad
1089 3207 1185 3270 urbem
1210 3224 1292 3275 quam
1315 3209 1436 3276 primum
1454 3223 1518 3260 cnm

438 3295 561 3347 exercitu
580 3295 728 3348 accederet.
755 3295 827 3360 (Cat.
845 3295 870 3363 3,
889 3295 929 3360 8.)

380 3383 418 3448 ⁴²)
443 3380 608 3434 Plutarchus
626 3397 710 3434 unam
729 3399 743 3434 e
761 3380 952 3436 Saturnalibus
970 3384 1080 3436 noctem
1105 3380 1140 3434 ad
1164 3380 1275 3434 caedem
1299 3379 1455 3436 faciendam
1474 3381 1520 3433 de-

442 3466 549 3520 finitam
564 3483 622 3520 esse
634 3467 728 3536 tradit,
748 3485 923 3537 quamquam,
941 3472 972 3521 nt
982 3469 1159 3522 Drumannns
1174 3466 1298 3534 adnotat,
1316 3466 1366 3519 illa
1378 3465 1520 3521 Ciceronis

439 3556 528 3606 aetate
546 3551 613 3606 haec
631 3553 764 3606 solemnia
782 3553 864 3608 unico
881 3553 937 3622 die,
964 3571 987 3607 a.
1012 3552 1038 3608 d.
1057 3553 1123 3607 XIV
1140 3551 1201 3607 Κ11.
1226 3553 1298 3620 lan,
1326 3551 1392 3605 inde
1419 3569 1521 3606 veroa

440 3639 554 3692 Caesare
578 3641 606 3690 11
624 3639 750 3708 Augusto
773 3639 862 3694 tribus
887 3637 984 3692 diebus
1008 3638 1227 3692 celebrabantur.
1272 3637 1321 3691 Cui
1338 3637 1521 3691 Beckerus

440 3724 503 3791 (cfr.
527 3724 636 3780 Handb.
663 3723 712 3777 der
735 3724 1004 3793 1111111460)
1030 3727 1058 3776 et
1081 3727 1186 3777 vetares
1211 3723 1376 3792 scriptores,
1401 3739 1520 3791 qnorum

438 3801 705 3878 11111111111111111,
727 3811 921 3864 assentiuntur.
958 3809 1011 3864 Sed
1030 3825 1074 3864 mc
1092 3808 1209 3863 offendit
1226 3809 1365 3862 Ciceronis
1384 3807 1464 3861 locus
1484 3811 1518 3862 ab

441 3901 557 3964 utroque
567 3897 708 3966 neglectus
728 3897 791 3963 (cfr.
806 3897 841 3950 ad
853 3900 910 3951 Att.
922 3899 954 3966 V,
965 3898 1008 3966 20,
1019 3896 1059 3964 5),
1079 3895 1126 3950 ubi
1144 3896 1238 3950 Cicero
1256 3911 1329 3948 anno
1347 3895 1384 3950 LI
1405 3896 1518 3950 scribit:

441 3983 641 4054 ,Saturnalibus
660 3984 812 4054 tertiis‘‚
838 3985 911 4038 unde
934 3984 1060 4055 pluribus
1078 3982 1175 4035 diebus
1200 3981 1255 4034 iam
1279 3986 1337 4036 tum
1363 3982 1521 4036 Saturnalia

440 4087 498 4125 esse
515 4073 628 4138 peracta
644 4069 749 4137 liquido
767 4070 916 4140 colligeres.
948 4069 1000 4122 Sed
1020 4067 1063 4121 sac
1073 4066 1253 4120 Plutarchum
1272 4082 1384 4122 errasse.
1420 4067 1519 4120 Nonne

441 4157 568 4214 facillime
589 4155 648 4210 fieri
673 4156 776 4225 potuit,
800 4160 831 4210 ut
849 4173 912 4209 cum
935 4155 964 4209 in
991 4153 1067 4208 sonte
1090 4172 1138 4208 suo
1157 4151 1293 4207 inveniret
1311 4153 1520 4224 ,Saturnalibns‘

442 4254 499 4308 sive
516 4253 608 4323 potius
628 4253 676 4327 ,ἐν
699 4254 770 4322 τοῖς
790 4244 973 4330 Kpovlorr‘,
992 4249 1122 4317 qnoniam
1141 4247 1226 4316 ipsius
1247 4251 1337 4301 aetate
1355 4247 1428 4300 hanc
1447 4245 1520 4300 festi·

441 4349 555 4404 vitatem
575 4347 696 4417 quinque
713 4343 810 4399 diebus
829 4342 963 4399 celebrari
981 4341 1099 4410 sciebat,
1125 4358 1209 4394 unam
1227 4343 1337 4394 tantum
1354 4342 1465 4392 noctem
1485 4356 1519 4392 ex

442 4435 486 4492 his
504 4434 540 4490 ad
555 4431 624 4490 illud
641 4431 748 4488 lacinus
764 4429 847 4489 fuisse
864 4427 1030 4491 destinatam
1047 4425 1183 4480 adderet?
