3198 4980
668 283 714 351 39

83 490 185 556 facile
213 487 395 573 intelleges
417 485 597 553 Plutarchi
618 490 724 554 verba
753 487 812 572 ,dc
838 484 881 556 ἂν
909 492 988 580 δοκῇ
1011 490 1085 556 Kar.
1116 491 1292 574 τηρεῖσθαι

88 595 288 676 δεδεμένους,
318 589 394 677 ἄχρι
414 586 457 657 ἂν
480 583 519 656 οὗ
539 595 805 684 καταπολεμηθῇ
820 589 1025 678 Κατιλίνας(
1049 588 1092 652 ab
1114 588 1173 652 1110
1194 588 1297 673 longe

87 693 253 758 recedere.
299 692 386 756 Nam
409 691 542 756 etiarnsi
562 693 600 755 10
621 691 680 755 1110
702 691 875 756 Ciceronis
898 690 1051 755 oratione
1072 709 1142 755 non
1164 689 1297 785 desunt²

84 814 169 875 quae
201 792 245 856 ad
273 793 357 856 haec
386 790 505 856 referri
536 793 685 878 possint,
717 793 808 876 quod
839 793 992 856 Caesaris
1022 794 1227 856 sententiam
1256 793 1299 855 de

84 894 269 958 coniuratis
284 893 522 979 municipatim
535 893 729 960 dividendis
741 893 980 958 difficultatem
992 892 1162 976 quandam
1173 895 1298 959 habere

83 995 195 1060 videri
215 995 290 1080 ipse
313 994 487 1060 confessus
511 1001 572 1078 cst,
602 1001 716 1062 tamen
738 996 801 1060 hac
824 995 956 1060 ratione
978 1015 1048 1060 non
1069 1016 1186 1060 omnes
1208 996 1298 1060 diffi-

84 1096 228 1160 cultates
252 1097 428 1160 tolluntur.
474 1097 542 1162 Sed
563 1097 647 1160 haec
670 1115 724 1160 res
746 1101 820 1160 tota
842 1101 912 1160 tam
934 1095 1084 1160 difficilis
1101 1101 1203 1181 atque
1219 1118 1298 1161 con·

83 1202 175 1261 torta
203 1203 270 1280 est,
303 1204 342 1262 ut
371 1198 461 1263 inter
490 1216 603 1262 rerum
626 1198 818 1283 scriptores,
845 1197 904 1280 qui
927 1218 1001 1261 eam
1023 1203 1297 1282 commemorant,

86 1299 146 1362 vix
168 1298 252 1361 duos
273 1298 439 1384 reperias,
471 1319 616 1382 quorum
638 1297 724 1362 alter
745 1319 823 1362 oum
845 1298 952 1364 altero
974 1299 1075 1386 plane
1098 1301 1298 1365 consentiat.

88 1399 179 1475 Quin
200 1399 245 1463 M.
267 1399 413 1482 Brutus,
437 1400 497 1484 qui
523 1420 631 1485 paene
654 1398 805 1464 eiusdem
828 1399 949 1464 aetatis
978 1399 1057 1484 fuit,
1088 1422 1108 1466 a
1135 1402 1297 1468 Cicerone

84 1500 156 1582 (cfr.
185 1501 229 1564 ad
256 1501 329 1566 Att.
359 1501 448 1584 XII,
478 1502 529 1584 21,
553 1502 583 1584 1)
616 1501 836 1566 vehementer
866 1501 1098 1588 vituperatur,
1133 1503 1225 1588 quod
1257 1503 1299 1566 de

85 1601 203 1665 eadem
235 1624 272 1666 re
302 1603 466 1668 Catonem
496 1603 644 1690 primum
681 1603 887 1668 sententiam
924 1602 966 1666 de
1003 1603 1299 1670 animadversione

84 1703 212 1767 dixisse
242 1705 432 1790 scripserat.
482 1706 666 1770 Fateamur
695 1705 802 1790 igitur
831 1725 971 1770 necesse
999 1711 1050 1769 est
1071 1725 1134 1770 nos
1156 1707 1299 1791 nescire,

83 1811 201 1868 utrum
223 1805 359 1890 Caesar,
389 1813 570 1893 postquam
593 1808 710 1872 Cicero
733 1805 967 1870 Catilinariam
990 1812 1146 1889 quartam
1167 1807 1298 1891 habuit,

85 1907 292 1972 sententiam
321 1929 416 1972 suam
444 1909 622 1995 paululum
653 1909 852 1989 mutaverit,
883 1907 993 1971 itaut
1015 1909 1207 1974 coniuratos
1229 1932 1299 1975 non

83 2008 121 2070 in
150 2014 367 2094 perpetuum,
399 2010 459 2074 sed
490 2009 571 2074 dum
602 2008 750 2074 Catilina
777 2008 1021 2092 debellaretur,
1056 1997 1309 2076 custodiendos

85 2131 159 2176 esse
173 2117 388 2195 proponeret,
410 2133 454 2175 00
468 2111 533 2176 hcc
549 2111 685 2176 'liberio
700 2110 829 2176 Neroni
843 2110 1019 2197 placuerit,
1041 2117 1081 2175 00
1094 2111 1299 2177 Plutarchus

84 2211 293 2295 summatim,
324 2233 410 2296 quae
439 2214 481 2278 ab
511 2214 619 2278 altera
647 2218 743 2299 parte
770 2218 986 2295 censuerunt,
1009 2212 1298 2299 comprehendens

83 2313 167 2376 haec
190 2335 232 2376 ex
251 2313 397 2380 Neronis
419 2315 589 2380 sententia
610 2314 830 2378 admiscuisse
852 2313 1025 2398 putandus
1041 2319 1131 2378 esset
1144 2315 1299 2378 Caesaris

83 2415 284 2478 sententiae.
330 2416 456 2481 Omnes
473 2416 646 2481 Ciceronis
669 2415 794 2480 amicos
809 2415 1014 2480 Plutarchus
1037 2415 1160 2480 deinde
1181 2421 1300 2481 narrat

85 2516 224 2580 Caesari
255 2518 412 2582 assentiri
441 2518 614 2601 maluisse,
646 2518 725 2602 quia
749 2517 821 2582 eius
844 2515 1050 2581 sententiam
1071 2539 1145 2580 0000
1168 2517 1300 2582 consuli

83 2613 258 2678 utiliorem
279 2615 464 2701 duxerunt,
497 2619 587 2703 quod
616 2618 781 2686 invidiam
802 2623 1009 2701 metuerunt,
1031 2639 1133 2702 quam
1156 2639 1197 2683 ex
1220 2639 1299 2694 conc

82 2716 274 2782 iuratorum
296 2720 461 2807 supplicio
483 2720 648 2785 videbant
670 2720 844 2786 orituram.

171 2869 269 2934 Hanc
299 2869 406 2956 igitur
441 2878 520 2959 post
554 2865 709 2938 Caesaris
746 2871 942 2955 orationem,
978 2893 1065 2956 0000
1097 2872 1299 2956 gravissima

83 2969 192 3034 fuisse
237 2971 373 3037 videtur
399 2980 515 3058 ,atque
559 2975 602 3039 ad
638 2975 768 3040 animos
805 2973 999 3038 auditorum
1037 2975 1298 3040 commovendos

82 3073 230 3136 maxime
245 3071 377 3158 idonea,
401 3075 633 3140 condicionem
653 3075 759 3140 fuisse
777 3073 940 3162 exipsius
957 3073 1129 3139 Ciceronis
1146 3076 1297 3141 oratione

83 3182 191 3261 patet.
236 3177 363 3241 Consul
379 3178 478 3261 enim,
503 3197 579 3242 oum
594 3185 725 3244 tantam
740 3179 965 3242 mutationem
980 3199 999 3241 a
1014 3178 1158 3241 Caesare
1174 3175 1300 3240 factam

84 3299 160 3341 0000
182 3277 343 3362 vidisset,
374 3281 569 3345 veritusne
592 3280 760 3344 coniurati
782 3279 904 3366 capitis
927 3277 1201 3361 absolverentur,
1230 3278 1299 3364 pri-

82 3400 178 3442 mum
194 3379 332 3463 quidem
348 3401 472 3464 eornm,
496 3380 555 3466 qui
574 3382 617 3446 de
631 3382 739 3468 ipsius
762 3381 871 3446 001000
887 3380 1026 3446 solliciti
1040 3383 1148 3462 erant,
1170 3384 1300 3444 metum

83 3502 159 3544 esse
180 3481 318 3548 inanem
347 3482 580 3546 demonstrare
605 3482 758 3564 studuit,
788 3481 912 3546 deinde
940 3480 1024 3564 ¹quid
1054 3479 1187 3562 Silano,
1218 3480 1301 3566 quid

83 3581 225 3646 Caesari
245 3583 430 3669 placuisset
451 3590 650 3671 persecutus
677 3585 714 3648 10
736 3588 1068 3669 utramquepartem
1090 3587 1193 3666 atque
1215 3583 1299 3646 adeo

83 3681 270 3747 artificiose
292 3684 495 3772 disputavit,
518 3691 557 3750 ut
578 3707 689 3770 00000
711 3684 804 3750 111100
826 3707 937 3769 00000
959 3684 1060 3751 huius
1083 3683 1301 3750 vehementer

83 3783 231 3848 alterum
260 3786 358 3852 alteri
385 3787 589 3872 praetulisse
611 3794 676 3861 eut
694 3786 983 3860 commendavisse
1004 3785 1187 3852 videretur.
1231 3787 1299 3852 Ne·
1343 3799 1347 3806 '

84 3904 154 3966 que
182 3886 303 3951 merito
333 3887 517 3954 Plutarcho
547 3889 615 3954 viri
648 3889 740 3956 docti
773 3889 987 3972 obiecerunt,
1022 3888 1114 3972 quod
1146 3887 1301 3953 mirabile

82 3984 175 4049 illud
190 3988 431 4058 Ciceronianae
446 3990 610 4060 orationis
626 3989 808 4056 artificium
830 4011 900 4054 non
922 3989 1005 4054 satis
1019 3989 1202 4075 perspexit,
1223 4007 1299 4052 oum

82 4089 207 4154 consul
228 4111 298 4155 non
322 4090 465 4157 obscure
485 4091 522 4158 10
545 4091 655 4158 Silani
676 4090 882 4156 sententiam
902 4090 1139 4178 propenderet.

170 4242 299 4309 Verum
328 4251 443 4310 tamen
471 4239 694 4310 Plutarchum
729 4241 818 4308 hanc
854 4244 1042 4309 orationem
1076 4240 1300 4330 perlustrasse

83 4367 259 4432 praveque
286 4341 497 4412 intellexisse
526 4349 740 4432 negaverim:
771 4347 872 4418 immo
902 4365 983 4412 vero
1005 4343 1103 4432 illum
1126 4341 1299 4407 Ciceronis

84 4455 328 4518 commentario
351 4471 449 4517 usum
473 4471 528 4534 ea,
556 4455 643 4535 quae
672 4447 721 4516 ibi
746 4448 890 4532 invenit,
914 4445 1132 4532 exscripsisse
1155 4435 1297 4508 affirmo.
