3198 4980
694 301 738 370 27

612 390 820 404 ..ι-οι*

110 507 279 600 quomodo
294 507 343 574 ibi
358 528 395 573 se
408 507 579 594 gessisset.
622 506 674 574 Ao
695 529 739 573 ne
754 507 840 573 illud
854 506 992 594 quidem
1006 506 1192 594 quidquam
1206 503 1321 587 refert,

107 615 222 678 utrum
244 609 450 676 Plutarchus
477 614 569 674 recta
591 607 771 674 tradiderit
792 608 975 674 Catilinam
997 608 1122 695 viginti
1143 608 1238 676 milia
1257 608 1318 672 ho·

105 713 237 785 minum
252 709 414 797 coegisse,
438 731 482 776 an
496 708 553 776 hic
573 731 735 775 numerus
755 709 792 774 in
813 709 983 797 posterius
1005 716 1139 798 tempus
1163 708 1318 795 quadret,

105 810 267 900 quoniam
295 808 478 876 Sallustius
513 808 610 875 illum
637 809 737 876 initio
774 810 841 876 duo
870 815 1004 876 tantum
1032 812 1128 878 milia
1157 809 1318 875 habuisse

101 911 285 980 memoriae
309 911 478 1000 prodidit3
511 932 592 976 nam
612 909 799 976 diiudicare
819 912 1017 997 nequimus,
1050 913 1119 978 utri
1147 911 1233 978 fides
1254 911 1315 976 ha-

101 1013 215 1080 benda
236 1013 290 1079 sit.

188 1114 273 1182 Toto
302 1114 414 1202 capite
441 1111 548 1180 XVII
578 1113 620 1178 de
649 1115 686 1178 P.
710 1115 867 1181 Cornelio
895 1115 1043 1182 Lentulo
1074 1116 1160 1182 Suro
1191 1114 1316 1200 agitur,

102 1217 200 1283 cuius
219 1238 346 1300 mores,
376 1216 457 1303 quia
483 1215 541 1281 ille
569 1217 660 1282 10101
685 1216 856 1304 principes
878 1218 1122 1285 coniurationis
1144 1217 1227 1300 fuit,
1258 1217 1313 1286 Oi-

104 1339 260 1386 ceronam
289 1318 327 1383 in
354 1317 595 1384 commentario
625 1337 686 1383 suo
708 1317 847 1382 uberius
877 1319 1081 1406 expressisse
1113 1324 1205 1384 certa
1234 1341 1314 1384 000-

102 1423 232 1488 1001010
252 1420 415 1506 consequi
435 1441 624 1508 possumus.
668 1421 783 1505 Atque
803 1421 895 1486 hunc
917 1441 1023 1506 00000
1039 1442 1077 1485 ac
1093 1421 1314 1486 Plutarchum

102 1521 247 1588 Lentulo
279 1520 456 1610 primarias
484 1526 616 1607 partes,
653 1520 683 1584 si
712 1520 893 1586 Catilinam
922 1522 1113 1609 exceperis,
1153 1523 1315 1587 tribuisse

99 1623 200 1690 multi
227 1622 294 1689 loci
322 1621 484 1710 probant,
516 1642 601 1707 quos
632 1621 815 1707 diligenter
836 1622 1029 1687 adscribere
1052 1624 1255 1710 supersedeo
1266 1623 1312 1709 ⁴⁰).

97 1727 221 1812 Itaque
250 1723 453 1790 Plutarchus
480 1723 629 1812 priorem
657 1723 778 1811 capitis
807 1723 913 1789 XVII
939 1729 1071 1811 partem
1102 1746 1120 1790 0
1150 1725 1314 1790 Cicerone

97 1827 255 1893 hausisse
291 1826 383 1892 credi
409 1829 531 1913 potest.
589 1824 657 1892 Sed
692 1824 798 1892 alium
831 1829 1003 1890 auctorem
1032 1830 1184 1908 secutus,
1222 1824 1314 1911 quod

99 1927 239 2012 quidem
259 1925 469 2014 interpositis
490 1925 603 1991 verbis
625 1929 805 2011 ,λέγεται
826 1928 867 1992 δὲ
889 1933 952 1993 καί*
981 1930 1015 1991 01
1043 1926 1162 2006 ,πάλιν
1191 1929 1239 1994 δέ*
1268 1926 1312 1990 si-

99 2027 251 2113 gnificat,
275 2028 359 2092 duas
373 2025 575 2112 historiolae,
593 2048 660 2113 000
674 2025 809 2092 facilius
823 2026 966 2092 lectores
982 2027 1120 2093 Lentuli
1134 2028 1313 2114 ingenium

99 2151 279 2216 moresque
300 2135 560 2216 cognoscerent,
594 2128 735 2211 adiecit,
768 2149 852 2213 quas
882 2151 924 2194 ex
952 2149 992 2192 ea
1013 2127 1182 2194 dictorum
1204 2130 1310 2216 eopia,

97 2253 200 2316 quam
223 2234 450 2317 congesserat,
466 2230 650 2317 sumpsisse
665 2229 910 2295 existimandus
926 2234 986 2294 001.
1024 2230 1111 2295 Nam
1126 2231 1312 2296 multorum

96 2337 132 2397 et
159 2330 440 2419 philosophorum
467 2335 502 2396 01
530 2329 771 2396 historicorum
791 2330 897 2396 libros
928 2329 1080 2396 studiose
1110 2337 1311 2419 persecutus

96 2432 257 2518 undique,
281 2453 368 2519 quae
383 2431 677 2498 commemoranda
691 2430 905 2515 videbantur,
929 2453 1109 2519 excerpere
1124 2434 1311 2516 consuevit,

97 2532 148 2597 ita
168 2538 208 2598 ut
221 2554 298 2598 cum
311 2531 411 2616 vitas,
434 2554 518 2619 0000
534 2530 678 2597 dicimus
693 2532 882 2618 parallelas,
905 2533 1118 2599 conscribere
1133 2534 1310 2620 coepisset,

99 2631 206 2698 multa
227 2655 268 2699 ex
288 2632 355 2700 illis
377 2634 613 2718 collectaneis,
641 2639 681 2698 ut
701 2633 751 2699 ita
772 2634 899 2718 dicam,
921 2635 1111 2701 narrationi
1133 2636 1309 2723 aptissimo

98 2753 233 2820 quoque
259 2733 334 2800 1000
362 2734 537 2801 100010101.
581 2733 686 2800 Redit
715 2733 839 2800 deinde
859 2734 1064 2801 Plutarchus
1095 2737 1139 2802 ad
1161 2739 1308 2804 eundem

96 2833 242 2920 fontem,
275 2857 343 2922 quo
371 2836 473 2924 paulo
505 2841 586 2903 ante
614 2857 696 2902 usus
726 2842 807 2902 erat.
857 2837 946 2902 Nam
975 2859 1061 2923 0000
1090 2839 1133 2904 de
1162 2840 1310 2907 Lentulo

94 2935 397 3004 vaticinationibus
412 2938 567 3005 confictis
585 2942 744 3025 corrupto
759 2937 881 3021 tradit,
905 2961 982 3004 eum
1003 2944 1094 3005 certe
1109 2963 1130 3006 a
1144 2940 1310 3008 Cicerone

94 3036 266 3126 accepisse
303 3060 345 3104 ex
373 3039 552 3126 utriusque
581 3038 755 3128 scriptoris
783 3040 1036 3125 comparatione
1063 3041 1224 3108 instituta
1251 3065 1308 3130 ap·

93 3138 245 3225 parebit:
372 3165 380 3182 ·
1336 3140 1340 3149 “

246 3275 338 3344 aruc.
361 3275 525 3343 01110.
885 3274 952 3340 oro.
977 3276 1048 3341 oa.
1071 3276 1101 3360 a,
1123 3277 1152 3342 a.

161 3397 320 3463 Τοῦτον.
353 3443 361 3458 .
394 3399 680 3491 προσδιέφθειραν
773 3393 966 3459 Introducti
982 3400 1096 3460 autem
1108 3397 1200 3462 Galli
1216 3397 1308 3462 dixe-

95 3495 204 3562 1λπίσι
224 3509 334 3576 κεναῖς
358 3495 601 3590 ψευδομάντεις
624 3502 679 3564 καὶ
722 3502 804 3562 runt
829 3535 864 3542 —
888 3495 1074 3561 Lentulum
1099 3496 1165 3562 sibi
1187 3498 1308 3564 confir-

95 3591 213 3679 γόηεες
230 3599 289 3680 ἔπη
304 3602 519 3683 πεπλασμένα
538 3603 592 3666 καὶ
603 3625 677 3688 χρη-
722 3618 832 3662 masse
867 3618 908 3662 ex
936 3595 1017 3662 fatis
1043 3597 1220 3684 Sibyllinis
1248 3600 1308 3666 110-

95 3691 203 3780 opole
216 3693 359 3783 ᾅδοντες,
374 3697 418 3777 ὠς
429 3707 464 3765 ἐκ
476 3702 542 3767 τῶν
552 3701 677 3785 Σιβυλ-
722 3697 963 3784 ruspicumque
988 3698 1159 3785 responsis
1182 3722 1307 3766 000000

92 3799 189 3864 λείων
200 3800 449 3888 προδηλοῦντας
461 3805 679 3888 εἱμαρμένους
721 3797 819 3863 illum
854 3797 995 3863 1011111111
1024 3799 1234 3885 Cornelium,
1265 3803 1309 3868 ad

90 3893 176 3968 εἶναι
194 3903 236 3993 τῇ
250 3896 358 3989 Ῥώμῃ
368 3900 576 3989 Κορνηλίους
590 3913 679 3986 τρεῖς
722 3920 823 3984 00010
844 3920 990 3985 regnum
1010 3898 1114 3965 huius
1140 3901 1234 3966 urbis
1257 3909 1308 3968 at-

89 3997 288 4090 μονάρχονς,
311 3991 358 4068 ὧν
380 3997 439 4068 δύο
459 4005 522 4087 μὲν
544 3997 605 4084 ἤδη
626 4026 677 4068 πε-
722 4021 788 4085 000
810 3999 991 4087 imperium
1018 4002 1197 4087 pervenire
1219 4010 1309 4071 esset

90 4104 296 4192 hipporicae
325 4097 364 4170 τὸ
393 4099 511 4190 χρεών,
546 4103 678 4172 Κίνναν

90 4227 123 4268 τε
145 4204 201 4268 καὶ
220 4197 369 4281 Σύλλαν,
391 4207 492 4290 τρίτῳ
515 4206 548 4270 δὲ
571 4206 678 4292 λοιπῷ

163 4479 203 4544 ⁴⁰)
228 4475 278 4533 011.
298 4494 349 4550 010
367 4477 433 4550 Sull.
454 4481 500 4540 88.
519 4479 561 4538 53.
580 4479 620 4539 16.
641 4480 680 4536 17.
699 4480 746 4550 30;
772 4480 828 4540 Cat.
846 4479 873 4551 3,
889 4479 920 4549 4;
944 4477 1028 4549 4,1a
