3198 4980
690 305 730 378 19

4 502 24 586 ll
100 514 382 586 verisimillimum
412 534 486 582 esse
520 509 620 582 nobis
649 509 878 604 persuasimus
909 507 1081 578 Ciceronis
1110 507 1312 579 auctoritate

4 605 14 667 i

4 727 23 768 lll

104 642 203 688 usum
225 641 314 703 esse,
342 617 434 685 unde
457 637 534 684 eum
556 615 658 682 etiam
677 615 715 680 in
736 614 801 681 hac
822 613 1048 682 describenda
1069 613 1215 682 eundem
1235 614 1310 681 fon·

107 727 175 788 tem
196 727 351 788 secutum
373 741 448 785 esse
469 717 585 803 colligi
605 717 694 782 licet.
738 716 807 782 Sed
829 715 964 887 siffiula
986 720 1186 803 spectemus,

187 823 364 890 Coniurati
380 821 479 903 enim,
501 826 540 887 ut
558 817 834 902 aitPlutarohus,
860 818 867 830 ’
907 818 956 884 tio
979 819 1116 906 quidem
1124 818 1312 907 perterriti,

106 945 183 990 oum
215 922 288 988 dies
321 921 533 988 comitiorum
570 919 651 984 anni
673 919 793 984 LXIII
824 920 1129 1008 appropinquaret,
1165 921 1312 1008 receptis

104 1023 228 1090 animis
242 1024 351 1108 mugio
365 1022 542 1109 magisque
564 1043 606 1087 ex
619 1019 770 1086 tenebris
792 1042 968 1108 erumpere
982 1020 1189 1088 videbantur
1210 1026 1313 1108 atque

4 1159 5 1166 κ
101 1147 176 1190 sese
215 1129 332 1191 mutuo
372 1123 417 1189 ad·
454 1145 527 1192 rem
560 1123 721 1188 audacius
759 1121 1027 1209 aggrediendam
1052 1125 1141 1190 'ante
1172 1124 1314 1212 Pompei

104 1225 254 1293 reditum
286 1225 455 1292 cohortari
494 1229 696 1312 coeperunt;
744 1224 786 1289 de
819 1223 943 1318 quibus
982 1224 1150 1312 imprimis
1183 1225 1316 1292 Sullani

104 1328 228 1396 milites
254 1327 382 1394 Manlio
411 1327 497 1394 duce
526 1325 708 1392 Catilinam
738 1327 973 1392 excitaverunt
1002 1331 1037 1391 et
1064 1330 1104 1391 ut
1133 1325 1206 1392 eius
1226 1328 1314 1415 peti·

4 1442 15 1482 Ξ·
110 1429 237 1495 tionem
252 1428 424 1514 suffragiis
440 1427 511 1493 suis
525 1425 728 1492 adiuvarent
741 1427 886 1492 Romam
899 1431 1084 1509 usnemun
1106 1426 1207 1514 petiit
1224 1427 1315 1494 enim

4 1523 14 1584 'p

103 1530 248 1600 Catilina
275 1531 400 1597 iterum
430 1527 644 1595 consulatum
679 1534 782 1613 atque
811 1527 1009 1595 Ciceronem
1040 1528 1078 1592 in
1106 1527 1180 1616 ipso
1210 1528 1314 1593 comi-

4 1647 10 1704 ἢ.
101 1631 226 1698 tiorum
246 1630 398 1696 tumultu
420 1629 573 1695 occidere
596 1627 784 1694 constituit.
828 1628 947 1718 Neque
968 1628 1005 1692 in
1026 1629 1080 1694 his
1103 1631 1312 1717 exponendis

100 1732 207 1798 ullam
236 1730 465 1796 differentiam
498 1751 518 1794 a
546 1728 768 1794 Ciceroniano
805 1749 910 1816 more
928 1730 1130 1822 reperimus;
1159 1751 1240 1797 nam
1270 1732 1313 1798 de

99 1832 335 1900 coniuratione
348 1833 387 1898 in
401 1853 462 1898 sno
478 1831 657 1897 consolatu
679 1851 720 1894 ex
734 1829 875 1894 latebris
896 1836 1093 1918 erumpente
1115 1835 1150 1910 et
1164 1831 1315 1901 adventu

98 1935 243 2022 Pompei
269 1936 462 2000 coniuratos
492 1933 535 1998 ad
562 1931 693 1997 facinus
721 1931 962 1998 maturandum
983 1931 1181 2019 impellente
1201 1933 1314 2021 ipsum

100 2037 137 2102 in
160 2036 401 2102 commentario
431 2032 533 2100 simili
563 2032 662 2099 modo
692 2053 732 2098 ao
752 2032 976 2098 Plutarchum
998 2032 1109 2118 egisse
1130 2034 1315 2126 verisimile

101 2142 161 2203 est.
205 2139 322 2222 Atque
343 2137 416 2225 ipse
429 2137 519 2202 inter
540 2134 600 2200 illa
614 2134 869 2200 coniuratorum
882 2133 1060 2199 hominnm
1074 2155 1210 2220 genera,
1221 2149 1313 2222 'quae

100 2239 149 2323 (in
164 2239 236 2305 Cat.
258 2240 288 2323 λ,
313 2239 352 2305 17
375 2241 459 2326 sqq.)
481 2237 670 2325 descripsit,
692 2242 826 2303 veteres
844 2235 1002 2302 Sullanos
1023 2236 1148 2326 milites
1169 2240 1315 2306 maxime

15 2353 18 2358 '
99 2363 173 2407 esse
203 2338 493 2428 pertimescendos
524 2337 743 2404 existimavit.
802 2335 922 2423 Neque
959 2336 1102 2404 dubium
1135 2346 1202 2426 est,
1233 2341 1316 2427 quin

98 2441 190 2507 idem
212 2442 255 2507 de
287 2441 323 2506 C.
346 2439 515 2522 Mauli0²⁵)
544 2439 764 2504 statuendum
796 2438 856 2523 sit,
887 2459 988 2526 quem
1008 2440 1127 2532 Cicero
1150 2441 1318 2508 Catilinae

99 2543 281 2609 satellitem
302 2547 404 2630 atque
425 2541 621 2606 ministrum
643 2540 715 2624 (cfr.
732 2529 850 2625 Cati,
871 2539 903 2632 7)
926 2542 1031 2608 exiis
1054 2543 1205 2627 coloniis,
1228 2565 1312 2630 quas

99 2645 195 2711 Sulla
223 2645 401 2712 constituit
431 2643 504 2732 (cfr.
529 2644 600 2709 Cat.
624 2643 654 2726 2,
676 2643 729 2727 20)
759 2642 865 2711 firisse
888 2649 1136 2712 commemorat.
1178 2646 1231 2711 De
1253 2644 1311 2711 ad-

102 2746 273 2812 iutoribus
296 2746 462 2812 Catilinae
483 2745 659 2833 petitionis
680 2745 772 2811 idem
792 2746 907 2833 prodit
928 2747 965 2811 in
987 2769 1033 2812 or.
1049 2768 1111 2834 pro
1126 2747 1214 2813 Mur.
1229 2751 1248 2829 ξ
1262 2747 1316 2832 49,

104 2847 164 2914 ubi
192 2847 291 2912 illum
320 2847 626 2931 ‚circumfluentem
655 2847 853 2914 colonorum
873 2848 1112 2940 Arretinorum
1134 2854 1168 2914 et
1188 2849 1316 2916 Faesu-

100 2949 258 3015 lanorum
287 2949 448 3014 exercitu‘
478 2953 557 3016 ante
586 2950 723 3015 comitia
753 2951 908 3033 ,alacrem
930 2956 1032 3036 atque
1052 2951 1189 3017 laetum‘
1212 2951 1318 3017 fuisse

103 3051 197 3118 dicit.
242 3051 362 3136 Neque
384 3051 517 3116 diverse
538 3052 645 3118 tradit
666 3052 709 3118 de
731 3053 864 3117 insidiis
895 3052 960 3117 eibi
990 3073 1009 3117 a
1032 3051 1180 3118 Catilina
1200 3053 1318 3136 factis3

98 3153 135 3217 id
157 3153 249 3238 quod
270 3174 340 3218 non
363 3153 472 3218 solum
493 3152 530 3217 in
553 3159 636 3218 orat.
658 3175 719 3241 pro
742 3154 828 3218 Mur.
851 3153 942 3237 §52‚
966 3153 1026 3219 sed
1047 3153 1150 3218 etiam
1171 3153 1209 3218 in
1231 3158 1314 3218 orat.

97 3253 136 3320 in
158 3255 256 3321 Catii
281 3255 309 3338 1,
332 3255 371 3321 11
392 3253 470 3320 hab.
493 3254 615 3321 iisdem
635 3257 750 3322 verbis
772 3260 897 3322 narrat.
947 3255 1062 3342 Atque
1083 3276 1128 3318 ne
1148 3254 1214 3319 hoo
1238 3253 1312 3340 qui·

101 3356 180 3420 dem
201 3355 319 3420 Cicero
341 3356 662 3442 praeteritsilentio
683 3356 970 3444 perniciosissima
990 3353 1207 3448 illaconsilia
1224 3354 1313 3420 indi-

103 3461 178 3522 cata
192 3477 266 3520 esse
281 3454 448 3521 divinitus
464 3460 498 3521 et
512 3461 623 3522 terrae
637 3457 786 3524 motibus
803 3461 837 3522 et
851 3456 1052 3523 fulminibus
1068 3461 1102 3520 et
1117 3456 1260 3522 ostentis
1266 3458 1317 3543 ²⁶);

103 3556 260 3642 idemque
274 3556 459 3622 Plutarcho
475 3558 660 3623 assentitur
679 3558 807 3623 indicia
828 3557 870 3623 ab
892 3555 1087 3622 hominibus
1110 3555 1223 3622 delata
1243 3562 1318 3621 tum

103 3657 266 3744 temporis
286 3657 347 3723 illa
369 3658 506 3744 quidem
527 3679 609 3725 vera
630 3658 753 3742 fuisse,
784 3658 844 3723 scd
866 3657 910 3724 ad
930 3656 1184 3748 coarguendum
1205 3657 1317 3724 virum

176 3944 215 4008 ²⁶)
240 3939 318 4009 Quod
335 3939 409 3994 idem
427 3940 510 3995 homo
535 3940 571 3994 ab
588 3939 674 3994 altero
692 3939 829 4007 Manlius,
857 3938 892 3992 ab
917 3938 1004 3992 altero
1023 3921 1178 4007 Μάλλιος
1195 3940 1318 4005 vocatur,

237 4032 338 4086 nullius
367 4034 501 4090 momenti
524 4033 578 4099 est3
611 4048 677 4086 nam
707 4030 781 4100 apud
804 4030 951 4100 scriptores
981 4030 1099 4085 Graecos
1129 4029 1186 4084 fere
1209 4041 1316 4098 semper

236 4115 391 4188 Μάλλιον
417 4127 580 4182 invenimus.
634 4125 706 4194 Quin
736 4124 815 4179 codd.
846 4123 945 4180 Latini
967 4125 1115 4191 fluctuant3
1143 4139 1263 4192 namque
1286 4120 1316 4174 in

239 4237 281 4290 cp.
300 4219 337 4274 ad
355 4221 412 4274 Att.
430 4220 452 4290 1,
478 4219 571 4290 16,16
595 4224 624 4273 et
640 4218 700 4274 cod.
724 4217 864 4274 Medicens
890 4216 1003 4287 ,Mallio‘
1034 4220 1063 4272 et
1086 4215 1127 4270 ed.
1152 4213 1316 4272 lensoniaua

236 4305 366 4376 princeps
381 4305 484 4375 ‚Malio‘
495 4305 618 4376 praebet,
636 4310 718 4375 atque
727 4304 784 4360 Cat.
796 4304 820 4374 1,
833 4305 866 4358 10
882 4301 1009 4364 nonnulli
1023 4301 1156 4370 exhibent
1175 4299 1315 4377 ‚Malliana

237 4391 337 4448 castra‘
356 4391 499 4460 (idemque
517 4397 532 4456 §
549 4393 606 4460 30).

174 4497 214 4565 ²⁸)
238 4493 287 4552 cfr.
306 4493 470 4566 Cat.3,18;
489 4493 524 4552 de
541 4493 595 4553 div.
616 4493 639 4568 1,
650 4492 704 4555 '182
723 4493 780 4554 Cat.
796 4494 822 4565 2,
840 4492 883 4554 29.
950 4545 951 4552 ,
1068 4495 1070 4502 ’
