3198 4980
675 263 718 328 37

93 470 298 538 Plutarchus
322 469 366 535 ad
388 467 532 534 verbum
555 467 721 555 expressit
748 507 789 516 -
817 469 926 556 petita
947 489 1029 552 esse,
1058 468 1306 554 quodquidam
1423 525 1428 528 .

93 573 196 640 etiam
217 570 332 638 verbis
355 576 409 638 καὶ
431 567 496 660 γὰρ
518 570 601 639 οὐδ’
627 567 763 648 ἄλλως
783 570 858 658 ipse
878 570 1017 636 indicat.
1198 649 1200 653 Ι

178 673 373 740 Terentiam
395 694 477 738 vero
499 672 660 738 maritum
681 670 843 738 incitasse
864 673 902 738 in
924 671 1120 739 coniuratos
1142 673 1202 740 illo
1223 680 1307 739 tem-

91 799 174 864 pore
205 795 374 841 rumorem
407 773 610 861 dissipatum
644 795 717 839 esse
750 773 806 840 vel
838 773 920 839 inde
951 773 1182 860 intellegitur,
1217 776 1309 861 quod

92 875 350 942 declamationis
372 875 410 940 in
432 873 631 940 Ciceronem
652 879 786 957 auctor,
810 896 897 960 quae
919 875 1004 940 falso
1028 875 1189 942 Sallustio
1212 877 1307 942 attri-

93 978 220 1060 buitur,
243 976 274 1042 ei
297 976 423 1043 obiecit
446 982 533 1062 ,post
555 975 770 1042 consulatum
792 998 869 1042 cum
890 998 997 1044 uxore
1020 978 1187 1063 quaedam
1210 979 1253 1044 de
1273 1002 1310 1044 re

91 1079 229 1167 publica
257 1101 335 1144 eum
356 1077 585 1162 consuluisse,
614 1078 700 1164 legis
729 1078 885 1144 Plautiae
914 1078 1041 1144 iudicia
1063 1079 1156 1145 domi
1177 1080 1308 1165 fecisse,

91 1203 134 1259 ex
163 1179 349 1246 coniuratis
379 1179 463 1246 alios
491 1179 650 1266 pecunia,
682 1179 767 1247 alios
797 1179 916 1246 exsilio
946 1180 1204 1247 condemnasse‘
1235 1181 1308 1266 (cfr.

93 1304 165 1369 cap.
181 1281 211 1365 2,
227 1282 268 1365 3).
313 1282 407 1360 Quae
429 1280 590 1366 deinceps
617 1279 659 1344 de
683 1279 811 1357 Quinto
834 1279 941 1346 fratre
970 1287 1073 1368 atque
1104 1281 1147 1347 de
1170 1283 1310 1368 Nigidio

93 1388 327 1472 exponuntur,
365 1382 449 1448 adeo
484 1387 662 1450 ostentant
696 1403 825 1449 morem
854 1382 1131 1467 Ciceronianam,
1160 1389 1200 1449 ut
1230 1384 1309 1450 Plu-

95 1487 251 1552 tarchum
284 1507 324 1550 ea
363 1484 405 1550 ab
444 1483 519 1571 ipso
556 1484 730 1571 accepisse
766 1486 842 1550 luce
879 1484 1003 1550 clarius
1040 1485 1093 1550 sit.
1157 1487 1312 1572 Namque

95 1587 229 1671 Cicero,
270 1593 309 1653 ut
337 1587 406 1652 iam
438 1587 612 1674 superiore
639 1585 714 1652 loco
749 1586 961 1670 monuimus,
997 1587 1058 1652 ubi
1094 1587 1137 1652 de
1174 1587 1312 1654 Metello

92 1691 257 1773 diximue,
288 1688 413 1775 quibus
442 1693 515 1753 erat
537 1686 751 1754 adiutoribus
772 1687 810 1752 in
831 1687 1068 1754 coniuratione
1091 1688 1314 1776 opprimenda
1413 1738 1416 1743 -

92 1814 194 1874 usus,
224 1812 281 1856 eos
310 1789 348 1854 in
375 1788 472 1855 libris
501 1787 572 1855 suis
595 1808 758 1854 exornare
788 1786 933 1872 solebat,
955 1794 996 1853 ut
1016 1788 1054 1853 hi
1077 1790 1185 1875 ,quasi
1207 1797 1312 1856 testes

96 1897 212 1960 essent
240 1890 450 1982 ¹sempiterni‘
471 1889 622 1970 ,illorum
658 1911 741 1976 erga
776 1891 890 1978 ipsum
926 1890 1125 1956 meritorum
1161 1891 1233 1975 (cfr.
1271 1894 1314 1958 ad

94 1996 173 2060 fam.
210 1994 244 2077 Ι,
274 1994 304 2076 9,
332 1993 397 2079 23).
456 1991 523 2070 Qui
566 1991 727 2076 quoniam
765 2013 1008 2079 saepenumero
1046 2013 1131 2058 cum·
1165 1993 1314 2079 fratrem,

95 2104 171 2162 tum
185 2095 364 2182 Nigidium
384 2093 546 2177 laudibus
569 2093 614 2158 ad
636 2093 767 2160 caelum
783 2093 907 2158 extulit
916 2091 962 2179 Μ),
986 2094 1129 2159 eandem
1150 2095 1314 2181 amicissi-

95 2221 170 2265 mos
202 2195 367 2267 laudandi
403 2195 686 2262 consuetudinem
726 2197 763 2262 in
793 2197 1036 2262 commentario
1070 2219 1131 2263 suo
1164 2199 1317 2265 tenuisse

95 2298 343 2365 existimandus
368 2302 428 2380 est,
451 2297 652 2384 praesertim
674 2320 752 2363 cum
773 2298 839 2364 hoc
860 2299 935 2365 loco
952 2299 1126 2365 excusatio
1150 2300 1316 2386 quaedam

95 2400 164 2466 illis
194 2399 354 2464 laudibus
384 2398 568 2466 artificiose
597 2390 734 2466 adnecti
761 2407 877 2489 posset
905 2400 1015 2489 ipsius
1037 2403 1315 2468 commendatrix.

96 2502 176 2566 Huc
199 2499 338 2583 accedit,
361 2500 452 2585 quod
478 2501 702 2566 Plutarchum
731 2502 833 2566 etiam
855 2501 892 2566 in
913 2502 1011 2582 libro,
1035 2504 1095 2589 qui
1116 2502 1328 2570 inscribitur¹

50 2628 51 2632 ¹
100 2603 168 2685 ,An
190 2602 263 2674 seni
284 2623 338 2667 res
361 2600 499 2688 publica
520 2601 672 2688 gerenda
694 2601 748 2666 sit‘
772 2601 846 2689 (cfr.
870 2624 942 2690 cap.
965 2604 1034 2689 27),
1058 2625 1135 2670 cum
1157 2605 1194 2670 P.
1218 2605 1316 2692 Nigi-

99 2705 196 2770 dium
216 2704 366 2770 oonsulis
387 2705 425 2770 in
445 2726 482 2770 re
503 2703 643 2792 publica
663 2704 934 2770 administranda
957 2705 1086 2771 socium
1108 2710 1144 2770 et
1164 2705 1316 2771 omnium

97 2807 172 2872 eius
195 2806 414 2872 consiliorum
435 2806 637 2894 participem
660 2805 767 2872 fuisse
793 2807 990 2873 testimonio
1011 2807 1119 2894 ipsius
1142 2806 1316 2873 Ciceronis

98 2909 203 2974 allato
227 2907 421 2991 confirmet,
451 2908 596 2974 eundem
626 2908 907 2974 commentarium
937 2907 1128 2995 respexisse
1157 2913 1259 2994 atque
1281 2909 1318 2974 in

82 3033 200 3077 usum
223 3032 323 3076 suurn
345 3030 486 3076 vocasse
507 3010 693 3076 verisimile
717 3016 778 3076 est.

183 3111 399 3178 Enarrantur
421 3111 545 3177 deinde
567 3113 767 3197 sententiae,
791 3134 878 3199 quae
897 3112 939 3178 de
960 3112 1214 3178 coniuratorum
1238 3134 1317 3200 sup·

98 3214 202 3304 plicio
233 3215 271 3280 in
300 3218 421 3281 senatu
450 3213 562 3279 dictae
591 3220 681 3279 sunt.
739 3214 808 3280 Sed
835 3214 1034 3302 priusquam
1063 3214 1152 3278 hanc
1183 3235 1318 3300 quoque

99 3315 326 3383 Plutarcheae
361 3315 567 3380 narrationis
601 3320 734 3404 partem
764 3338 841 3381 cum
872 3313 1096 3381 Ciceroniana
1132 3309 1340 3400 congruere

101 3419 390 3502 demonstramuS,
419 3439 529 3506 pauca
558 3417 600 3482 de
629 3417 842 3504 digressione
872 3416 1017 3482 dicenda
1045 3437 1119 3482 esse
1146 3415 1318 3499 videntur,

102 3544 207 3608 quam
228 3521 433 3587 Plutarchus
455 3519 547 3603 fecit,
570 3525 610 3586 ut
630 3521 779 3608 primurn
801 3521 980 3586 Caesarem
1002 3517 1278 3584 commemoravit
1300 3539 1320 3584 a

14 3661 15 3664 ¹
102 3622 220 3690 verbis
243 3621 328 3706 ,τότε
350 3624 384 3690 δὲ
405 3629 479 3700 νέος
501 3619 547 3690 dv
575 3643 683 3706 usque
704 3622 748 3687 ad
768 3617 790 3705 ἢ
812 3625 945 3709 Καῖσαρ
971 3627 1106 3697 ἐκείνοις
1135 3615 1318 3699 notatas.

189 3724 283 3802 Quae
304 3744 416 3810 neque
438 3745 515 3790 cum
538 3722 834 3806 antecedentibus,
864 3740 976 3806 neque
998 3742 1076 3785 cum
1097 3720 1320 3806 sequentibus

103 3827 301 3909 cohaerere,
322 3825 393 3891 -sed
415 3824 569 3891 ordinem
590 3845 704 3889 rerum
737 3822 942 3889 traditarum
963 3821 1228 3909 interrumpere,
1261 3821 1322 3908 ,qui

102 3931 198 3996 huno
228 3927 341 3994 locum
369 3926 572 4015 perlegerit,
603 3925 719 3990 statim
750 3928 944 4010 cognoscet.
994 3923 1201 3989 Plutarchus
1231 3924 1322 3990 enim

104 4031 260 4100 Caesaris
278 4029 484 4096 sententiam
506 4029 748 4119 explicaturus,
771 4049 848 4092 curn
862 4026 985 4092 ducem
1000 4047 1101 4112 quem
1116 4026 1321 4111 sequebatur

103 4133 344 4222 praecipuum,
386 4132 429 4197 de
461 4131 521 4196 illo
557 4134 627 4198 viro
657 4152 727 4197 non
760 4129 843 4197 satis
874 4129 1011 4217 copiose
1039 4129 1237 4225 exposuisse
1268 4127 1321 4193 in-

107 4234 313 4317 tellexisset,
344 4232 513 4299 nonnulla
542 4232 691 4316 addidit,
721 4236 763 4297 ut
792 4230 948 4298 Caesaris
980 4230 1157 4316 ingenium
1187 4228 1323 4316 planius

109 4340 288 4425 appareret
309 4355 397 4401 neve
419 4334 578 4400 materies
600 4333 813 4421 gravissima,
836 4333 878 4399 de
901 4353 968 4419 qua
989 4353 1010 4396 a
1030 4331 1205 4398 veteribus
1220 4330 1323 4397 vehe-

189 4478 227 4544 ω)
252 4473 301 4530 cfr.
321 4475 356 4530 ad
377 4475 469 4544 Quint.
488 4473 520 4529 lr.
540 4475 561 4546 1,
580 4474 605 4545 1,
620 4473 668 4543 343
686 4475 707 4544 1,
725 4473 741 4530 2
759 4476 843 4542 extr.;
862 4471 897 4528 ad
914 4470 979 4527 lam.
997 4469 1044 4542 lv,
1062 4469 1104 4542 13,
1121 4467 1145 4527 2.
